2159 3309
244 288 296 342 1tt
564 286 716 339 nouam

243 386 312 447 Quid
321 386 386 438 mihi
395 386 483 439 Celsus
492 385 566 453 agit?
584 386 699 437 monitus
707 377 993 455 multumquemomlva

243 452 364 507 Privatus
377 462 407 507 ut
420 462 520 523 quaerat
533 472 593 523 opes
606 463 633 507 et
645 462 753 522 tangere
765 456 833 507 vitet

241 522 353 592 Scripta,
367 525 505 577 Palatinus
518 541 681 591 quacunque
693 524 793 591 recepit
806 524 897 594 Apollo
902 541 910 588 ;

241 588 268 644 N
269 610 290 658 e,
304 593 325 644 si
337 593 403 645 forte
416 611 475 646 suas
487 594 629 661 repetitum
642 593 744 644 venerit
756 592 819 645 olim

243 661 313 713 Grex
325 662 414 715 avium
427 663 537 729 plumas,
549 668 653 714 moveat
666 661 800 714 cornicula
811 662 892 714 risum

242 729 358 782 Furtivie
371 731 472 783 nudata
484 730 633 783 coloribus'
656 731 716 798 Ipse
729 730 793 799 quid
806 730 901 784 audesl
976 720 999 772 9⁰

243 799 308 862 Quae
321 800 514 852 circumvolitas
527 800 604 866 agilis
617 799 727 867 thymal
762 800 823 852 Non
835 800 885 852 tibi
896 808 982 867 parrum

244 867 392 935 Ingenium,
406 886 459 920 non
471 868 602 921 incultum
615 875 693 921 estet
706 868 821 937 turpiter
832 869 932 921 hirtum

244 935 296 988 Seu
309 937 429 1002 linguam
441 938 526 989 causis
538 938 612 990 acuis
624 955 670 989 seu
683 937 767 989 civica
775 940 839 1005 jura

243 1004 408 1073 Respondere
422 1024 497 1074 paras
510 1024 556 1058 seu
569 1007 659 1059 condis
671 1005 783 1058 amabile
795 1024 907 1073 carmen,

243 1072 334 1142 Prima
346 1074 412 1127 feres
425 1076 528 1128 hederae
542 1076 658 1128 victricis
671 1076 785 1143 prumia.
823 1074 927 1139 Quodsi

243 1142 352 1211 Frigida
364 1161 487 1197 curarum
499 1145 617 1197 fomenta
628 1145 777 1212 relinquere
789 1162 884 1213 posses,

244 1211 301 1275 Quo
314 1217 341 1265 te
353 1214 464 1267 coelestis
477 1214 607 1281 sapientia
619 1213 734 1280 duceret,
746 1214 803 1267 ires.

244 1280 302 1334 Hoc
315 1300 387 1351 opus,
400 1284 449 1335 hoe
461 1284 580 1335 studium
591 1283 665 1350 parvi
678 1300 846 1351 properemus
858 1289 885 1337 et
896 1278 970 1351 ampli,

244 1349 272 1403 Si
284 1352 376 1419 patrico
389 1351 515 1418 volumus,
529 1353 551 1403 si
562 1351 637 1404 nobis
650 1353 737 1403 vivere
749 1352 810 1405 cari.

243 1418 329 1472 Debes
341 1420 390 1473 hoc
402 1422 482 1473 etiam
495 1420 641 1487 rescribere,
654 1422 675 1472 si
688 1420 738 1473 tibi
750 1437 819 1474 eurae
980 1408 1003 1464 3⁰

245 1488 357 1552 Quantae
370 1491 508 1542 conveniat
522 1490 668 1556 Munatius,
681 1507 715 1542 an
727 1490 796 1543 male
809 1495 881 1544 sarta

245 1558 336 1611 Gratia
347 1560 526 1626 nequidquam
538 1560 591 1611 coit
603 1566 630 1611 et
643 1559 807 1612 rescinditur.
842 1560 934 1613 Atros

245 1625 297 1679 Seu
309 1627 409 1678 calidus
421 1628 527 1694 sanguis
540 1645 587 1679 sou
598 1644 686 1679 rerum
697 1627 802 1680 inscitia
814 1636 894 1682 vexat

245 1694 378 1748 Indomita
390 1697 489 1747 cervice
501 1697 575 1763 feros,
589 1697 738 1765 ubicunque
749 1696 867 1749 locorum

245 1764 349 1831 vivitis,
362 1764 466 1832 indigni
477 1766 625 1817 fraternum
636 1783 757 1833 rumpere
768 1766 862 1832 foedus,

245 1833 365 1887 Pascitur
376 1834 405 1885 in
418 1841 534 1887 vestrum
546 1835 662 1887 reditum
673 1835 763 1888 votiva
770 1836 893 1903 juvenes.

330 2013 503 2069 mussona
523 2013 768 2066 IV.-snsaa1nu
781 2024 935 2066 muamus.

242 2118 323 2177 Arar,
336 2122 483 2168 nostrorum
495 2134 644 2169 sermonum
656 2117 766 2169 candide
774 2117 868 2185 judex,

247 2187 316 2250 Quid
328 2205 399 2240 nunc
411 2194 438 2241 te
450 2188 536 2241 dicam
548 2189 633 2241 facere
645 2188 673 2240 in
685 2189 791 2255 regione
803 2187 928 2242 Pedana?

247 2253 362 2308 Scribere
375 2258 443 2326 quod
456 2258 528 2310 (lassi
542 2257 690 2309 Parmensis
702 2258 828 2325 opuscula
840 2259 937 2325 vincat,

245 2324 289 2376 An
301 2326 413 2377 tacitum
425 2327 503 2378 silvas
515 2326 585 2379 inter
596 2332 699 2394 reptare
711 2326 834 2393 salubres,

247 2392 388 2445 (iurantem
400 2395 529 2463 quidquid
542 2395 653 2462 dignum
665 2396 783 2464 sapiente
795 2395 915 2465 bonoque
926 2393 979 2449 estl

245 2459 272 2513 N
273 2478 306 2513 on
318 2468 349 2514 tu
361 2480 452 2530 corpus
464 2481 520 2516 eras
534 2464 589 2515 sine
601 2471 711 2531 pectore.
746 2463 783 2516 Di
797 2465 846 2517 tibi
858 2467 974 2532 formam,

245 2528 282 2583 Di
296 2531 344 2582 tibi
357 2532 463 2583 divitias
475 2532 605 2584 dederunt
617 2540 752 2601 artemque
763 2534 877 2588 fruendi

247 2599 317 2662 Quid
330 2606 422 2652 voveat
435 2601 507 2652 dulci
518 2601 652 2653 nutricula
663 2604 748 2669 majus
760 2601 875 2669 alumno,

247 2668 298 2731 Qui
312 2686 401 2736 sapere
414 2675 441 2721 et
452 2670 503 2720 fari
516 2670 597 2735 possit
609 2687 666 2737 quse
679 2671 784 2737 sentiat,
796 2680 824 2724 et
835 2673 881 2725 eui

245 2737 342 2791 Gratia.
356 2738 435 2805 fama,
449 2738 574 2791 valetudo
586 2740 724 2805 contingat
734 2739 839 2791 abunde

229 2805 272 2863 Ec
282 2812 403 2866 muudus
419 2811 519 2870 victus,
530 2826 587 2861 non
600 2808 742 2859 deficiente
753 2806 897 2855 crumenat

159 2855 177 2959 l
