2159 3309
168 292 220 353 180
489 300 643 354 HORATII

165 404 263 457 Pocula
275 421 319 456 seu
331 404 438 456 modicis
450 404 553 457 uvescit
564 404 659 457 latius.
693 403 764 472 Ergo
894 398 917 451 7⁰

166 474 254 527 Sermo
267 474 355 540 oritur,
368 491 421 525 non
433 474 465 525 de
477 474 547 526 villis
560 472 712 526 domibusve
724 472 822 538 alienis,

165 543 221 596 Nec
232 542 301 595 male
312 559 393 595 necne
406 543 487 611 Lepos
500 543 593 606 saltet;
611 542 656 594 sed
668 543 739 610 quod
751 543 832 610 mngis
841 539 868 593 ad
877 551 910 590 not

166 611 285 664 Pertinet
296 618 324 664 et
335 612 433 664 nescire
445 612 545 663 malum
557 617 603 677 est,
615 612 762 679 agitamus:
781 619 887 664 utrumne

166 680 274 734 Divitiis
286 680 410 746 homines,
422 697 458 732 an
470 680 523 732 sint
534 681 633 732 virtute
645 679 731 744 beati;

168 750 270 814 Quidve
281 749 315 801 ad
328 750 464 815 amicitias,
477 767 539 801 usus
551 755 693 817 rectumne,
706 749 796 801 trahat
807 765 862 810 nos;

167 819 203 872 Et
215 835 274 886 quae
287 819 321 871 sit
333 825 429 870 natura
440 818 501 870 boni
514 834 696 885 summumque
708 818 773 887 quid
786 820 845 887 ejus

168 888 275 940 Cervius
287 887 343 940 haec
355 888 424 940 inter
435 887 536 939 vicinus
549 887 631 954 garrit
643 887 727 938 aniles

168 956 210 1009 lix
222 974 250 1008 re
262 954 377 1009 fabellas.
412 956 440 1009 si
453 956 584 1024 quisnam
596 955 688 1007 laudat
699 955 786 1008 Arelli

168 1026 299 1078 Sollicitas
311 1025 418 1093 ignarus
430 1041 498 1093 opes,
510 1025 547 1077 sic
559 1024 667 1092 incipit:
683 1023 780 1077 “Olim

169 1094 294 1147 Rusticus
306 1095 435 1147 urbanum
447 1110 549 1145 murem
560 1111 619 1144 mus
631 1110 746 1162 paupere
758 1094 841 1147 fertur
904 1083 925 1138 ω

169 1164 306 1232 Accepisse
318 1180 389 1230 cavo,
403 1169 516 1214 veterem
528 1169 604 1215 vetus
616 1162 708 1230 hospes
720 1163 835 1215 amicum
842 1180 850 1226 ;

170 1236 253 1301 Asper
264 1240 291 1285 et
303 1239 421 1284 attentus
433 1231 558 1298 quaesitis,
570 1237 602 1283 ut
614 1238 703 1282 tamen
716 1239 822 1283 arctum

170 1302 286 1354 Solveret
298 1302 418 1369 hospitiis
430 1301 555 1352 animum.
591 1299 662 1360 Quid
674 1300 778 1353 multal
797 1315 876 1369 neque
885 1293 916 1350 ills

171 1371 283 1439 Sepositi
296 1371 385 1423 ciceris
396 1386 444 1421 nec
457 1368 541 1436 longae
554 1368 650 1421 invidit
662 1385 760 1436 avenae,

170 1441 281 1492 Aridum
294 1447 321 1492 ct
333 1456 375 1491 ore
387 1439 472 1491 ferens
484 1438 590 1489 acinum
603 1455 752 1506 semesaque
764 1438 834 1491 lardi

171 1509 267 1561 Frusta
279 1508 359 1574 dedit,
373 1508 480 1575 cupiens
492 1507 566 1558 varia
576 1506 684 1558 fastidia
695 1524 771 1560 coens

171 1578 282 1630 Vincere
294 1576 427 1644 tangentis
439 1575 507 1627 male
520 1575 625 1642 singula
637 1576 716 1627 dente
728 1574 853 1657 superbo;

172 1647 259 1710 Quum
271 1653 346 1714 puter
357 1647 412 1713 ipse
424 1645 515 1696 domus
527 1644 603 1713 palea
615 1651 747 1712 porrectus
759 1662 788 1697 111
801 1645 881 1698 horna

172 1716 247 1768 Esset
259 1716 321 1768 ador
333 1714 482 1781 loliumque,
495 1713 570 1781 dapis
581 1713 690 1765 meliora
700 1713 858 1781 relinquens.
910 1701 926 1758 Ι

171 1782 287 1836 Tandem
306 1780 422 1832 urbanus
438 1781 472 1834 ad
493 1780 576 1844 hunc,
604 1778 689 1843 ‘Quid
708 1785 736 1834 te
751 1778 847 1847 juvat’
865 1767 931 1845 inq*

172 1851 299 1917 l'raerupti
315 1849 425 1901 nemoris
436 1849 582 1968 patientem
594 1848 681 1900 vivere
693 1848 768 1900 dorso
779 1847 790 1901 l
844 1842 932 1931 [Ἢῆ

174 1919 219 1972 Vis
232 1927 263 1971 tu
275 1918 392 1970 homines
404 1935 436 1968 ur
454 1934 546 1985 emque
558 1917 620 1968 feris
632 1934 783 1985 praeponere
795 1917 883 1971 silvrsl

173 1990 255 2057 Carpe
268 1989 344 2052 viam,
357 1986 517 2052 mihicrede,
530 2003 629 2049 comes;
647 1987 781 2040 terrestria
793 1987 894 2056 quando

172 2057 297 2110 Mortales
309 2057 410 2109 animas
422 2055 516 2108 vivunt
528 2055 620 2106 sortita
631 2072 717 2122 neque
728 2056 785 2108 ulla
796 2063 837 2110 est

172 2128 229 2179 Aut
241 2143 336 2194 magno
349 2132 396 2177 aut
427 2141 488 2176 arvo
500 2124 547 2175 leti
559 2124 638 2191 fuga:
657 2140 717 2191 quo,
728 2123 804 2193 bone,
816 2126 889 2192 circs,

172 2195 244 2247 Dum
256 2196 326 2260 licet,
338 2195 367 2247 in
379 2143 455 2246 relus
464 2192 590 2259 jucundis
601 2192 660 2245 vive
672 2192 781 2258 beatus;

172 2264 239 2318 Vive
251 2284 356 2330 memor,
369 2282 449 2332 quam
462 2264 496 2315 sis
509 2263 558 2315 aevi
570 2263 673 2314 brevia’
709 2263 775 2314 Haec
787 2261 834 2315 ubi
846 2261 912 2315 dict·

172 2332 309 2399 Agrestcm
321 2332 451 2401 pepulere,
465 2331 540 2383 domo
553 2331 617 2383 levis
629 2331 719 2385 exsilit
726 2349 734 2396 3
751 2333 815 2386 inde

172 2400 256 2454 Ambo
268 2402 429 2469 propositum
460 2405 572 2467 eragunt
583 2400 641 2467 iter,
654 2401 725 2453 urbis
737 2409 845 2456 aventes

171 2468 272 2522 Moenia
283 2470 406 2522 nocturni
418 2418 562 2536 sulsrepere.
597 2468 712 2537 Jamque
724 2471 832 2525 tenebat
903 2461 932 2520 1(

172 2537 232 2590 Nox
244 2539 360 2590 medium
372 2537 431 2590 coeli
443 2539 574 2605 spatium
592 2555 674 2606 quum
705 2540 761 2592 onit
773 2547 882 2610 uterque

172 2607 206 2660 In
219 2607 349 2675 locuplete
361 2607 437 2658 domo
449 2607 567 2673 vestigia,
579 2606 658 2659 rubro
670 2556 716 2661 uli
728 2626 804 2662 cocco

173 2676 268 2728 Tincta
280 2693 357 2744 super
368 2676 448 2727 lectos
460 2675 583 2728 canderet
595 2677 675 2727 vestis
687 2677 806 2746 eburnos,

165 2743 309 2817 Multaque
321 2744 354 2799 de
367 2761 466 2816 magna
476 2750 643 2815 superessent
650 2746 754 2798 ierculu
763 2765 846 2812 scens,

157 2815 227 2881 Qus
234 2818 336 2889 procul
351 2816 502 2896 exstructis
514 2815 627 2869 inerant
632 2813 764 2865 iresterna
773 2814 900 2863 unumst
