2159 3309
199 275 411 331 SATIRARUM
430 274 470 327 ΙΙ.
489 277 515 327 3.
702 270 753 323 165

113 369 189 422 tentis
200 368 290 421 morbo
302 369 385 433 calet;
402 368 454 421 huc
467 367 573 436 propius
584 384 635 434 me,
718 370 752 419 80

113 455 125 491 e
136 438 251 490 insanire
264 455 360 505 omnes,
372 455 416 490 vos
429 438 518 490 ordine
530 437 610 490 adite.

122 506 248 559 hellebori
260 507 344 559 multo
356 524 416 574 pars
427 507 545 558 maxima
556 505 658 568 avaris;

115 575 272 644 Anticyram
283 577 351 628 ratio
363 576 416 627 illis
429 576 543 627 destinet
555 592 665 628 omnem.

113 644 197 697 taberi
210 662 338 697 summam
350 645 466 697 incidere
477 644 629 712 sepulchro:

113 720 191 779 ssent,
203 713 379 781 gladiatorum
392 715 453 766 dare
466 721 574 765 centum

113 783 198 851 ›opulo
210 783 284 850 paria
295 790 374 851 atque
387 782 494 851 epulum
505 780 613 835 arbitrio
625 780 696 847 Arri,

113 855 243 917 quantum
254 849 331 900 metit
344 848 442 900 Afn'ca.
477 848 562 901 “Sive
574 866 622 917 ego
633 865 722 917 prave,

117 918 166 971 hoo
178 916 251 968 volui
261 935 268 981 ;
284 934 318 969 ne
330 917 365 968 sis
377 925 487 985 patruus
498 918 590 970 mihi.''
626 918 708 971 Crede

115 987 139 1039 ri
152 986 308 1055 prudentem
319 986 438 1038 animum
450 986 561 1039 vidisse!
597 987 680 1051 ‘Quid
690 1003 752 1053 ergo

114 1073 152 1109 im
164 1072 293 1108 summam
305 1054 448 1122 patrimoni
460 1055 606 1123 insculpere
619 1073 682 1108 saxo
717 1059 752 1108 90

114 1125 178 1178 oluit
189 1124 213 1177 i'
238 1124 349 1184 ‘Quoad
361 1124 437 1189 vixit,
449 1124 561 1176 credidit
573 1126 666 1190 ingens

114 1194 230 1247 tritium
242 1201 269 1246 et
281 1195 352 1246 cavit
363 1193 431 1245 nihil
444 1194 536 1256 acrius,
549 1198 588 1257 ut,
600 1195 623 1243 si

113 1281 143 1315 us
155 1263 271 1332 locuples
283 1281 336 1315 uno
349 1264 494 1331 quadrante
506 1260 623 1329 perisset,

114 1338 172 1385 etur
183 1333 233 1384 sibi
245 1333 367 1399 nequior:
385 1332 470 1384 omnis
482 1330 551 1382 enim
563 1346 612 1395 res,

114 1419 156 1468 na,
169 1402 255 1467 decus,
267 1402 358 1454 divina
369 1402 535 1467 humaneque
548 1396 666 1466 pulchris

114 1477 195 1536 uent3
213 1489 278 1539 quas
290 1472 337 1539 qui
349 1469 532 1534 construxerit,
544 1468 589 1519 ille

114 1556 127 1604 2,
140 1538 222 1604 fortis,
231 1538 336 1605 justus?
354 1537 536 1606 ‘Sapiensnel’
555 1537 664 1600 ‘Etiam
672 1539 698 1587 et
706 1551 754 1587 rex

114 1607 146 1659 id
158 1609 235 1661 volet.
271 1607 337 1674 Hoc,
349 1607 432 1659 veluti
443 1606 544 1658 virtute
555 1611 686 1673 paratum,

114 1694 203 1744 regnae
214 1676 289 1728 leudi
300 1676 362 1729 fore.
398 1675 468 1740 Quid
480 1674 565 1726 simile
576 1673 622 1725 isti

114 1745 254 1827 ristippusl
273 1746 319 1812 qui
331 1762 416 1797 servos
428 1744 554 1813 projicere
565 1758 660 1795 aurum
705 1742 758 1792 100

114 1817 189 1881 jussit
201 1814 291 1882 Libya,
305 1816 367 1881 quia
379 1814 479 1866 tardius
491 1814 562 1865 irent

114 1902 154 1936 ius
166 1902 193 1936 se
231 1901 264 1935 es.
300 1884 366 1935 Uter
378 1890 417 1935 est
428 1882 545 1934 insanior
553 1877 676 1933 horuml'

114 1969 203 2019 exemp
214 1969 267 2016 um,
279 1950 354 2003 litem
367 1951 435 2019 quod
448 1950 496 2002 lite
507 1948 630 2001 resolvit!

114 2025 167 2073 mat
179 2020 300 2085 cithares,
313 2028 413 2087 emptas
426 2023 570 2086 comportet
583 2017 612 2067 in
623 2030 714 2079 unum,

114 2105 124 2140 r
136 2088 244 2140 citharae
256 2103 304 2138 nec
317 2086 402 2137 Musae
415 2084 519 2136 deditus
530 2082 581 2134 ulli
588 2100 596 2144 ;

122 2163 149 2209 et
161 2157 257 2209 formes
269 2172 322 2206 non
335 2160 415 2221 sutor,
429 2152 537 2205 nautica
548 2151 608 2203 vele

114 2226 257 2291 lercaturis,
270 2224 366 2276 delirus
379 2230 406 2274 et
418 2238 507 2275 amens

114 2295 209 2347 licetur
220 2293 320 2345 merito.
356 2292 408 2356 Qui
420 2292 551 2358 discrepet
562 2288 628 2355 istis,

115 2381 154 2416 ros
166 2380 313 2429 aurumque
324 2360 451 2426 recondit,
462 2358 565 2410 nescius
577 2358 618 2409 uti

114 2450 124 2484 s
136 2440 307 2498 metuensque
320 2430 393 2482 velut
405 2429 556 2494 contingere
568 2423 687 2477 sacruml
711 2425 762 2476 110

115 2508 118 2552 i
130 2503 266 2569 ingentem
277 2499 405 2551 frumenti
417 2514 517 2565 semper
529 2512 651 2548 acervum

124 2570 217 2638 vigilet
230 2587 290 2621 cum
302 2568 380 2636 longo
392 2568 469 2632 fuste,
481 2582 566 2632 neque
579 2564 652 2615 illinc

115 2640 207 2690 iurieus
220 2639 341 2690 dominus
353 2638 503 2703 contingere
516 2650 635 2701 granum,

124 2709 194 2760 foliis
201 2724 301 2829 parcus
314 2714 434 2758 vescatur
446 2705 558 2768 emerim

115 2777 187 2829 intus
219 2777 260 2829 dii
273 2777 427 2849 veterisque
438 2774 552 2833 Falerni
