<?xml version="1.0" encoding="UTF-8"?>
<!DOCTYPE html PUBLIC "-//W3C//DTD XHTML 1.0 Transitional//EN"
    "http://www.w3.org/TR/xhtml1/DTD/xhtml1-transitional.dtd">
<html xmlns="http://www.w3.org/1999/xhtml" xml:lang="en" lang="en">
 <head>
  <title>
</title>
<meta http-equiv="Content-Type" content="text/html;charset=utf-8" />
  <meta name='ocr-system' content='tesseract 3.04.00' />
  <meta name='ocr-capabilities' content='ocr_page ocr_carea ocr_par ocr_line ocrx_word'/>
</head>
<body>
  <div class='ocr_page' id='page_1' title='image "./qhoratiiflaccio01flacgoog_0154.png"; bbox 0 0 2159 3309; ppageno 0'>
   <div class='ocr_carea' id='block_1_1' title="bbox 203 314 668 369">
    <p class='ocr_par' dir='ltr' id='par_1_1' title="bbox 203 314 668 369">
     <span class='ocr_line' id='line_1_1' title="bbox 203 314 668 369; baseline -0.002 0"><span class='ocrx_word' id='word_1_1' title='bbox 203 315 255 369; x_wconf 77' lang='lat'><strong>132</strong></span> <span class='ocrx_word' id='word_1_2' title='bbox 514 314 668 369; x_wconf 77' lang='lat' dir='ltr'><strong>nonsuss</strong></span> 
     </span>
    </p>
   </div>
   <div class='ocr_carea' id='block_1_2' title="bbox 195 416 1006 1311">
    <p class='ocr_par' dir='ltr' id='par_1_2' title="bbox 199 416 973 486">
     <span class='ocr_line' id='line_1_2' title="bbox 199 416 973 486; baseline -0.003 -18"><span class='ocrx_word' id='word_1_3' title='bbox 199 417 287 486; x_wconf 87' lang='lat' dir='ltr'><strong>Atque</strong></span> <span class='ocrx_word' id='word_1_4' title='bbox 299 423 379 470; x_wconf 83' lang='lat' dir='ltr'><strong>aestns</strong></span> <span class='ocrx_word' id='word_1_5' title='bbox 392 434 519 486; x_wconf 85' lang='lat' dir='ltr'><strong>curasque</strong></span> <span class='ocrx_word' id='word_1_6' title='bbox 530 434 623 484; x_wconf 72' lang='lat' dir='ltr'><strong>graves</strong></span> <span class='ocrx_word' id='word_1_7' title='bbox 635 434 649 469; x_wconf 92' lang='lat' dir='ltr'><strong>e</strong></span> <span class='ocrx_word' id='word_1_8' title='bbox 661 421 766 485; x_wconf 84' lang='lat' dir='ltr'><strong>pectore</strong></span> <span class='ocrx_word' id='word_1_9' title='bbox 778 416 860 486; x_wconf 89' lang='lat' dir='ltr'><strong>pellil</strong></span> <span class='ocrx_word' id='word_1_10' title='bbox 933 417 973 468; x_wconf 87' lang='lat'><strong>110</strong></span> 
     </span>
    </p>

    <p class='ocr_par' dir='ltr' id='par_1_3' title="bbox 198 485 909 556">
     <span class='ocr_line' id='line_1_3' title="bbox 198 485 909 556; baseline 0.003 -19"><span class='ocrx_word' id='word_1_11' title='bbox 198 485 292 538; x_wconf 86' lang='lat' dir='ltr'><strong>Nonne</strong></span> <span class='ocrx_word' id='word_1_12' title='bbox 304 488 470 556; x_wconf 85' lang='lat' dir='ltr'>cupidinibus</span> <span class='ocrx_word' id='word_1_13' title='bbox 483 492 584 538; x_wconf 88' lang='lat' dir='ltr'><strong>statuat</strong></span> <span class='ocrx_word' id='word_1_14' title='bbox 595 494 692 538; x_wconf 90' lang='lat' dir='ltr'><strong>natura</strong></span> <span class='ocrx_word' id='word_1_15' title='bbox 702 487 811 539; x_wconf 92' lang='lat' dir='ltr'><strong>modum</strong></span> <span class='ocrx_word' id='word_1_16' title='bbox 823 502 909 554; x_wconf 78' lang='lat' dir='ltr'><strong>quem,</strong></span> 
     </span>
    </p>

    <p class='ocr_par' dir='ltr' id='par_1_4' title="bbox 199 555 825 623">
     <span class='ocr_line' id='line_1_4' title="bbox 199 555 825 623; baseline 0.003 -17"><span class='ocrx_word' id='word_1_17' title='bbox 199 555 268 618; x_wconf 89' lang='lat' dir='ltr'><strong>Quid</strong></span> <span class='ocrx_word' id='word_1_18' title='bbox 281 557 367 608; x_wconf 86' lang='lat' dir='ltr'><strong>latura</strong></span> <span class='ocrx_word' id='word_1_19' title='bbox 379 557 428 607; x_wconf 91' lang='lat' dir='ltr'><strong>sibi</strong></span> <span class='ocrx_word' id='word_1_20' title='bbox 441 557 503 623; x_wconf 87' lang='lat' dir='ltr'><strong>quid</strong></span> <span class='ocrx_word' id='word_1_21' title='bbox 516 556 550 606; x_wconf 92' lang='lat' dir='ltr'><strong>sit</strong></span> <span class='ocrx_word' id='word_1_22' title='bbox 562 555 677 607; x_wconf 79' lang='lat' dir='ltr'>dolitura</span> <span class='ocrx_word' id='word_1_23' title='bbox 689 564 825 623; x_wconf 77' lang='lat' dir='ltr'><strong>negatum,</strong></span> 
     </span>
    </p>

    <p class='ocr_par' dir='ltr' id='par_1_5' title="bbox 199 621 902 693">
     <span class='ocr_line' id='line_1_5' title="bbox 199 621 902 693; baseline 0 -17"><span class='ocrx_word' id='word_1_24' title='bbox 199 624 319 686; x_wconf 83' lang='lat' dir='ltr'><strong>Quaerere</strong></span> <span class='ocrx_word' id='word_1_25' title='bbox 331 626 390 693; x_wconf 91' lang='lat' dir='ltr'><strong>plus</strong></span> <span class='ocrx_word' id='word_1_26' title='bbox 403 624 506 693; x_wconf 88' lang='lat' dir='ltr'><strong>prodest</strong></span> <span class='ocrx_word' id='word_1_27' title='bbox 518 631 545 675; x_wconf 92' lang='lat' dir='ltr'><strong>et</strong></span> <span class='ocrx_word' id='word_1_28' title='bbox 557 625 636 675; x_wconf 88' lang='lat' dir='ltr'><strong>inane</strong></span> <span class='ocrx_word' id='word_1_29' title='bbox 647 624 800 676; x_wconf 80' lang='lat' dir='ltr'><strong>abscindere</strong></span> <span class='ocrx_word' id='word_1_30' title='bbox 813 621 902 676; x_wconf 89' lang='lat' dir='ltr'><strong>soldol</strong></span> 
     </span>
    </p>

    <p class='ocr_par' dir='ltr' id='par_1_6' title="bbox 197 691 878 762">
     <span class='ocr_line' id='line_1_6' title="bbox 197 691 878 762; baseline 0.003 -19"><span class='ocrx_word' id='word_1_31' title='bbox 197 691 223 743; x_wconf 87' lang='lat' dir='ltr'>N</span> <span class='ocrx_word' id='word_1_32' title='bbox 224 711 277 754; x_wconf 88' lang='lat' dir='ltr'><strong>um,</strong></span> <span class='ocrx_word' id='word_1_33' title='bbox 290 693 339 744; x_wconf 92' lang='lat' dir='ltr'><strong>tibi</strong></span> <span class='ocrx_word' id='word_1_34' title='bbox 352 711 433 762; x_wconf 92' lang='lat' dir='ltr'><strong>quum</strong></span> <span class='ocrx_word' id='word_1_35' title='bbox 444 695 533 745; x_wconf 82' lang='lat' dir='ltr'><strong>fauces</strong></span> <span class='ocrx_word' id='word_1_36' title='bbox 546 693 601 744; x_wconf 91' lang='lat' dir='ltr'><strong>urit</strong></span> <span class='ocrx_word' id='word_1_37' title='bbox 613 693 677 758; x_wconf 90' lang='lat' dir='ltr'><strong>sitis,</strong></span> <span class='ocrx_word' id='word_1_38' title='bbox 689 710 769 745; x_wconf 89' lang='lat' dir='ltr'><strong>aurea</strong></span> <span class='ocrx_word' id='word_1_39' title='bbox 782 693 878 760; x_wconf 83' lang='lat' dir='ltr'><strong>quaeris</strong></span> 
     </span>
    </p>

    <p class='ocr_par' dir='ltr' id='par_1_7' title="bbox 198 760 847 831">
     <span class='ocr_line' id='line_1_7' title="bbox 198 760 847 831; baseline 0.002 -18"><span class='ocrx_word' id='word_1_40' title='bbox 198 760 313 814; x_wconf 87' lang='lat' dir='ltr'><strong>Poculal</strong></span> <span class='ocrx_word' id='word_1_41' title='bbox 331 780 395 814; x_wconf 91' lang='lat' dir='ltr'><strong>num</strong></span> <span class='ocrx_word' id='word_1_42' title='bbox 407 763 523 813; x_wconf 88' lang='lat' dir='ltr'><strong>esuriens</strong></span> <span class='ocrx_word' id='word_1_43' title='bbox 534 762 638 814; x_wconf 83' lang='lat' dir='ltr'><strong>fastidis</strong></span> <span class='ocrx_word' id='word_1_44' title='bbox 650 762 738 814; x_wconf 86' lang='lat' dir='ltr'><strong>omniu</strong></span> <span class='ocrx_word' id='word_1_45' title='bbox 749 769 847 831; x_wconf 88' lang='lat' dir='ltr'><strong>praeter</strong></span> 
     </span>
    </p>

    <p class='ocr_par' dir='ltr' id='par_1_8' title="bbox 197 828 978 952">
     <span class='ocr_line' id='line_1_8' title="bbox 197 828 978 911; baseline 0.003 -30"><span class='ocrx_word' id='word_1_46' title='bbox 197 829 330 883; x_wconf 81' lang='lat' dir='ltr'><strong>Pavonem</strong></span> <span class='ocrx_word' id='word_1_47' title='bbox 345 831 553 911; x_wconf 71' lang='lat' dir='ltr'><strong>rirombumquel</strong></span> <span class='ocrx_word' id='word_1_48' title='bbox 578 831 693 883; x_wconf 69' lang='lat' dir='ltr'><strong>Tument</strong></span> <span class='ocrx_word' id='word_1_49' title='bbox 704 831 755 883; x_wconf 89' lang='lat' dir='ltr'><strong>tibi</strong></span> <span class='ocrx_word' id='word_1_50' title='bbox 771 848 855 900; x_wconf 90' lang='lat' dir='ltr'><strong>quum</strong></span> <span class='ocrx_word' id='word_1_51' title='bbox 869 828 978 898; x_wconf 73' lang='lat' dir='ltr'><strong>inguim,</strong></span> 
     </span>
     <span class='ocr_line' id='line_1_9' title="bbox 266 916 374 952; baseline 0.019 -2"><span class='ocrx_word' id='word_1_52' title='bbox 266 916 331 951; x_wconf 91' lang='lat' dir='ltr'><strong>num</strong></span> <span class='ocrx_word' id='word_1_53' title='bbox 352 917 374 952; x_wconf 87' lang='lat' dir='ltr'><strong>si</strong></span> 
     </span>
    </p>

    <p class='ocr_par' dir='ltr' id='par_1_9' title="bbox 196 941 1006 1038">
     <span class='ocr_line' id='line_1_10' title="bbox 196 941 1006 1038; baseline 0.004 -20"><span class='ocrx_word' id='word_1_54' title='bbox 196 966 302 1020; x_wconf 83' lang='lat' dir='ltr'><strong>Ancilla</strong></span> <span class='ocrx_word' id='word_1_55' title='bbox 313 941 360 1020; x_wconf 78' lang='lat' dir='ltr'><strong>alit</strong></span> <span class='ocrx_word' id='word_1_56' title='bbox 372 985 452 1021; x_wconf 83' lang='lat' dir='ltr'><strong>verna</strong></span> <span class='ocrx_word' id='word_1_57' title='bbox 464 973 504 1021; x_wconf 90' lang='lat' dir='ltr'><strong>est</strong></span> <span class='ocrx_word' id='word_1_58' title='bbox 515 973 611 1036; x_wconf 88' lang='lat' dir='ltr'><strong>praesto</strong></span> <span class='ocrx_word' id='word_1_59' title='bbox 622 985 688 1036; x_wconf 88' lang='lat' dir='ltr'><strong>puer</strong></span> <span class='ocrx_word' id='word_1_60' title='bbox 696 965 711 1036; x_wconf 86' lang='lat'><strong>¹,</strong></span> <span class='ocrx_word' id='word_1_61' title='bbox 723 968 840 1037; x_wconf 89' lang='lat' dir='ltr'><strong>impetus</strong></span> <span class='ocrx_word' id='word_1_62' title='bbox 851 967 881 1020; x_wconf 92' lang='lat' dir='ltr'><strong>in</strong></span> <span class='ocrx_word' id='word_1_63' title='bbox 893 983 963 1038; x_wconf 83' lang='lat' dir='ltr'><strong>quem</strong></span> <span class='ocrx_word' id='word_1_64' title='bbox 1003 963 1006 970; x_wconf 78' lang='lat'>&#39;</span> 
     </span>
    </p>

    <p class='ocr_par' dir='ltr' id='par_1_10' title="bbox 197 1035 740 1105">
     <span class='ocr_line' id='line_1_11' title="bbox 197 1035 740 1105; baseline 0.006 -18"><span class='ocrx_word' id='word_1_65' title='bbox 197 1035 326 1088; x_wconf 81' lang='lat' dir='ltr'><strong>Continuo</strong></span> <span class='ocrx_word' id='word_1_66' title='bbox 338 1037 392 1103; x_wconf 87' lang='lat' dir='ltr'><strong>fiat,</strong></span> <span class='ocrx_word' id='word_1_67' title='bbox 404 1038 480 1090; x_wconf 89' lang='lat' dir='ltr'><strong>malis</strong></span> <span class='ocrx_word' id='word_1_68' title='bbox 492 1038 622 1105; x_wconf 78' lang='lat' dir='ltr'><strong>tentigine</strong></span> <span class='ocrx_word' id='word_1_69' title='bbox 634 1054 693 1088; x_wconf 92' lang='lat' dir='ltr'><strong>rum</strong></span> <span class='ocrx_word' id='word_1_70' title='bbox 712 1037 740 1090; x_wconf 81' lang='lat' dir='ltr'><strong>ii</strong></span> 
     </span>
    </p>

    <p class='ocr_par' dir='ltr' id='par_1_11' title="bbox 196 1103 977 1186">
     <span class='ocr_line' id='line_1_12' title="bbox 196 1103 977 1186; baseline 0.004 -31"><span class='ocrx_word' id='word_1_71' title='bbox 196 1103 258 1156; x_wconf 91' lang='lat' dir='ltr'><strong>Non</strong></span> <span class='ocrx_word' id='word_1_72' title='bbox 268 1122 329 1173; x_wconf 83' lang='lat' dir='ltr'><strong>ego:</strong></span> <span class='ocrx_word' id='word_1_73' title='bbox 341 1124 454 1176; x_wconf 90' lang='lat' dir='ltr'><strong>namque</strong></span> <span class='ocrx_word' id='word_1_74' title='bbox 462 1104 606 1175; x_wconf 87' lang='lat' dir='ltr'><strong>parabilem</strong></span> <span class='ocrx_word' id='word_1_75' title='bbox 615 1123 673 1158; x_wconf 84' lang='lat' dir='ltr'><strong>amo</strong></span> <span class='ocrx_word' id='word_1_76' title='bbox 707 1123 811 1158; x_wconf 83' lang='lat' dir='ltr'><strong>onerem</strong></span> <span class='ocrx_word' id='word_1_77' title='bbox 823 1104 977 1186; x_wconf 71' lang='lat' dir='ltr'><strong>facilemque.</strong></span> 
     </span>
    </p>

    <p class='ocr_par' dir='ltr' id='par_1_12' title="bbox 195 1165 977 1294">
     <span class='ocr_line' id='line_1_13' title="bbox 195 1165 977 1294; baseline -0.001 -69"><span class='ocrx_word' id='word_1_78' title='bbox 195 1174 281 1240; x_wconf 83' lang='lat' dir='ltr'><strong>illam,</strong></span> <span class='ocrx_word' id='word_1_79' title='bbox 294 1176 376 1228; x_wconf 82' lang='lat' dir='ltr'><strong>“Post</strong></span> <span class='ocrx_word' id='word_1_80' title='bbox 388 1175 479 1294; x_wconf 71' lang='lat' dir='ltr'><strong>paullo</strong></span> <span class='ocrx_word' id='word_1_81' title='bbox 489 1174 511 1227; x_wconf 89' lang='lat'><strong>:&#39;&#39;</strong></span> <span class='ocrx_word' id='word_1_82' title='bbox 529 1174 602 1226; x_wconf 83' lang='lat' dir='ltr'><strong>“Sed</strong></span> <span class='ocrx_word' id='word_1_83' title='bbox 614 1173 698 1293; x_wconf 81' lang='lat' dir='ltr'><strong>pluris</strong></span> <span class='ocrx_word' id='word_1_84' title='bbox 707 1174 731 1226; x_wconf 86' lang='lat'><strong>:&#39;’</strong></span> <span class='ocrx_word' id='word_1_85' title='bbox 750 1175 797 1226; x_wconf 79' lang='lat' dir='ltr'><strong>‘&#39;Si</strong></span> <span class='ocrx_word' id='word_1_86' title='bbox 810 1175 907 1227; x_wconf 85' lang='lat' dir='ltr'><strong>exierit</strong></span> <span class='ocrx_word' id='word_1_87' title='bbox 918 1165 977 1226; x_wconf 71' lang='grc' dir='ltr'><strong>τιτι1</strong></span> 
     </span>
    </p>

    <p class='ocr_par' dir='ltr' id='par_1_13' title="bbox 196 1241 972 1311">
     <span class='ocr_line' id='line_1_14' title="bbox 196 1241 972 1311; baseline 0.001 -19"><span class='ocrx_word' id='word_1_88' title='bbox 196 1241 284 1308; x_wconf 79' lang='lat' dir='ltr'><strong>Gallis,</strong></span> <span class='ocrx_word' id='word_1_89' title='bbox 292 1243 392 1295; x_wconf 85' lang='lat' dir='ltr'><strong>hancP</strong></span> <span class='ocrx_word' id='word_1_90' title='bbox 411 1242 538 1295; x_wconf 89' lang='lat' dir='ltr'><strong>ilodemus</strong></span> <span class='ocrx_word' id='word_1_91' title='bbox 546 1242 584 1296; x_wconf 88' lang='lat' dir='ltr'><strong>ait</strong></span> <span class='ocrx_word' id='word_1_92' title='bbox 593 1243 616 1293; x_wconf 90' lang='lat' dir='ltr'><strong>si</strong></span> <span class='ocrx_word' id='word_1_93' title='bbox 632 1243 649 1308; x_wconf 90' lang='lat' dir='ltr'><strong>i,</strong></span> <span class='ocrx_word' id='word_1_94' title='bbox 657 1258 717 1309; x_wconf 74' lang='lat' dir='ltr'><strong>quse</strong></span> <span class='ocrx_word' id='word_1_95' title='bbox 725 1259 918 1311; x_wconf 75' lang='lat' dir='ltr'><strong>nequemsgno</strong></span> <span class='ocrx_word' id='word_1_96' title='bbox 935 1241 972 1294; x_wconf 75' lang='lat'><strong>121</strong></span> 
     </span>
    </p>
   </div>
   <div class='ocr_carea' id='block_1_3' title="bbox 194 1309 973 1654">
    <p class='ocr_par' dir='ltr' id='par_1_14' title="bbox 195 1309 973 1517">
     <span class='ocr_line' id='line_1_15' title="bbox 198 1309 940 1380; baseline 0.003 -18"><span class='ocrx_word' id='word_1_97' title='bbox 198 1309 256 1363; x_wconf 81' lang='lat' dir='ltr'><strong>Stet</strong></span> <span class='ocrx_word' id='word_1_98' title='bbox 267 1312 351 1379; x_wconf 86' lang='lat' dir='ltr'><strong>pretio</strong></span> <span class='ocrx_word' id='word_1_99' title='bbox 362 1329 446 1380; x_wconf 89' lang='lat' dir='ltr'><strong>neque</strong></span> <span class='ocrx_word' id='word_1_100' title='bbox 459 1317 605 1377; x_wconf 87' lang='lat' dir='ltr'><strong>cunctetur,</strong></span> <span class='ocrx_word' id='word_1_101' title='bbox 636 1328 700 1363; x_wconf 91' lang='lat' dir='ltr'><strong>uum</strong></span> <span class='ocrx_word' id='word_1_102' title='bbox 711 1317 751 1363; x_wconf 86' lang='lat' dir='ltr'><strong>est</strong></span> <span class='ocrx_word' id='word_1_103' title='bbox 758 1312 835 1380; x_wconf 82' lang='lat' dir='ltr'><strong>jussa</strong></span> <span class='ocrx_word' id='word_1_104' title='bbox 846 1311 940 1364; x_wconf 83' lang='lat' dir='ltr'><strong>venire</strong></span> 
     </span>
     <span class='ocr_line' id='line_1_16' title="bbox 195 1379 973 1448; baseline 0.001 -17"><span class='ocrx_word' id='word_1_105' title='bbox 195 1379 313 1433; x_wconf 82' lang='lat' dir='ltr'><strong>Candida</strong></span> <span class='ocrx_word' id='word_1_106' title='bbox 321 1387 444 1448; x_wconf 88' lang='lat' dir='ltr'><strong>rectaque</strong></span> <span class='ocrx_word' id='word_1_107' title='bbox 454 1381 503 1443; x_wconf 87' lang='lat' dir='ltr'><strong>sit;</strong></span> <span class='ocrx_word' id='word_1_108' title='bbox 519 1380 620 1432; x_wconf 85' lang='lat' dir='ltr'><strong>munda</strong></span> <span class='ocrx_word' id='word_1_109' title='bbox 664 1379 973 1447; x_wconf 69' lang='lat' dir='ltr'><strong>coenusutnsquslongs</strong></span> 
     </span>
     <span class='ocr_line' id='line_1_17' title="bbox 197 1447 876 1517; baseline 0.004 -18"><span class='ocrx_word' id='word_1_110' title='bbox 197 1447 254 1500; x_wconf 88' lang='lat' dir='ltr'><strong>Nec</strong></span> <span class='ocrx_word' id='word_1_111' title='bbox 266 1450 350 1517; x_wconf 80' lang='lat' dir='ltr'><strong>magis</strong></span> <span class='ocrx_word' id='word_1_112' title='bbox 362 1450 423 1502; x_wconf 87' lang='lat' dir='ltr'><strong>alba</strong></span> <span class='ocrx_word' id='word_1_113' title='bbox 433 1449 505 1516; x_wconf 83' lang='lat' dir='ltr'><strong>uelit,</strong></span> <span class='ocrx_word' id='word_1_114' title='bbox 518 1466 598 1516; x_wconf 89' lang='lat' dir='ltr'><strong>quam</strong></span> <span class='ocrx_word' id='word_1_115' title='bbox 609 1448 656 1501; x_wconf 86' lang='lat' dir='ltr'><strong>dat</strong></span> <span class='ocrx_word' id='word_1_116' title='bbox 668 1454 770 1515; x_wconf 87' lang='lat' dir='ltr'><strong>natura,</strong></span> <span class='ocrx_word' id='word_1_117' title='bbox 783 1448 876 1502; x_wconf 85' lang='lat' dir='ltr'><strong>uideri.</strong></span> 
     </span>
    </p>

    <p class='ocr_par' dir='ltr' id='par_1_15' title="bbox 196 1515 877 1599">
     <span class='ocr_line' id='line_1_18' title="bbox 196 1515 877 1599; baseline 0 -30"><span class='ocrx_word' id='word_1_118' title='bbox 196 1515 262 1570; x_wconf 85' lang='lat' dir='ltr'><strong>Haec</strong></span> <span class='ocrx_word' id='word_1_119' title='bbox 274 1518 321 1569; x_wconf 93' lang='lat' dir='ltr'><strong>ubi</strong></span> <span class='ocrx_word' id='word_1_120' title='bbox 333 1518 470 1599; x_wconf 78' lang='lat' dir='ltr'><strong>supposuit</strong></span> <span class='ocrx_word' id='word_1_121' title='bbox 482 1518 576 1570; x_wconf 86' lang='lat' dir='ltr'><strong>dextro</strong></span> <span class='ocrx_word' id='word_1_122' title='bbox 588 1534 681 1585; x_wconf 90' lang='lat' dir='ltr'><strong>corpus</strong></span> <span class='ocrx_word' id='word_1_123' title='bbox 693 1517 758 1569; x_wconf 94' lang='lat' dir='ltr'><strong>mihi</strong></span> <span class='ocrx_word' id='word_1_124' title='bbox 770 1517 877 1585; x_wconf 81' lang='lat' dir='ltr'><strong>laevum,</strong></span> 
     </span>
    </p>

    <p class='ocr_par' dir='ltr' id='par_1_16' title="bbox 194 1584 824 1654">
     <span class='ocr_line' id='line_1_19' title="bbox 194 1584 824 1654; baseline 0 -17"><span class='ocrx_word' id='word_1_125' title='bbox 194 1584 247 1638; x_wconf 89' lang='lat' dir='ltr'><strong>Ilia</strong></span> <span class='ocrx_word' id='word_1_126' title='bbox 258 1592 286 1639; x_wconf 90' lang='lat' dir='ltr'><strong>et</strong></span> <span class='ocrx_word' id='word_1_127' title='bbox 297 1587 393 1654; x_wconf 81' lang='lat' dir='ltr'><strong>Egeria</strong></span> <span class='ocrx_word' id='word_1_128' title='bbox 404 1593 457 1639; x_wconf 88' lang='lat' dir='ltr'><strong>est:</strong></span> <span class='ocrx_word' id='word_1_129' title='bbox 476 1586 509 1638; x_wconf 91' lang='lat' dir='ltr'><strong>do</strong></span> <span class='ocrx_word' id='word_1_130' title='bbox 520 1604 616 1638; x_wconf 90' lang='lat' dir='ltr'><strong>nomen</strong></span> <span class='ocrx_word' id='word_1_131' title='bbox 629 1586 764 1653; x_wconf 85' lang='lat' dir='ltr'><strong>quodlibet</strong></span> <span class='ocrx_word' id='word_1_132' title='bbox 775 1585 824 1651; x_wconf 85' lang='lat' dir='ltr'><strong>illi,</strong></span> 
     </span>
    </p>
   </div>
   <div class='ocr_carea' id='block_1_4' title="bbox 190 1654 1006 2205">
    <p class='ocr_par' dir='ltr' id='par_1_17' title="bbox 193 1654 846 1721">
     <span class='ocr_line' id='line_1_20' title="bbox 193 1654 846 1721; baseline 0.003 -16"><span class='ocrx_word' id='word_1_133' title='bbox 193 1654 221 1705; x_wconf 93' lang='lat' dir='ltr'>N</span> <span class='ocrx_word' id='word_1_134' title='bbox 221 1672 251 1707; x_wconf 92' lang='lat' dir='ltr'><strong>ec</strong></span> <span class='ocrx_word' id='word_1_135' title='bbox 263 1672 359 1721; x_wconf 86' lang='lat' dir='ltr'><strong>vereor,</strong></span> <span class='ocrx_word' id='word_1_136' title='bbox 371 1672 411 1720; x_wconf 89' lang='lat' dir='ltr'><strong>ne,</strong></span> <span class='ocrx_word' id='word_1_137' title='bbox 424 1656 488 1707; x_wconf 89' lang='lat' dir='ltr'><strong>dum</strong></span> <span class='ocrx_word' id='word_1_138' title='bbox 500 1655 585 1721; x_wconf 87' lang='lat' dir='ltr'><strong>futuo,</strong></span> <span class='ocrx_word' id='word_1_139' title='bbox 597 1655 639 1707; x_wconf 81' lang='lat' dir='ltr'><strong>uir</strong></span> <span class='ocrx_word' id='word_1_140' title='bbox 650 1672 709 1707; x_wconf 91' lang='lat' dir='ltr'><strong>rure</strong></span> <span class='ocrx_word' id='word_1_141' title='bbox 721 1659 846 1720; x_wconf 70' lang='lat' dir='ltr'><strong>recurrat,</strong></span> 
     </span>
    </p>

    <p class='ocr_par' dir='ltr' id='par_1_18' title="bbox 193 1723 865 1791">
     <span class='ocr_line' id='line_1_21' title="bbox 193 1723 865 1791; baseline 0.001 -16"><span class='ocrx_word' id='word_1_142' title='bbox 193 1723 213 1775; x_wconf 91' lang='lat' dir='ltr'><strong>J</strong></span> <span class='ocrx_word' id='word_1_143' title='bbox 213 1741 284 1775; x_wconf 90' lang='lat' dir='ltr'><strong>anua</strong></span> <span class='ocrx_word' id='word_1_144' title='bbox 295 1724 442 1791; x_wconf 82' lang='lat' dir='ltr'><strong>frangatur,</strong></span> <span class='ocrx_word' id='word_1_145' title='bbox 454 1724 534 1776; x_wconf 88' lang='lat' dir='ltr'><strong>latret</strong></span> <span class='ocrx_word' id='word_1_146' title='bbox 546 1724 625 1790; x_wconf 88' lang='lat' dir='ltr'><strong>canis,</strong></span> <span class='ocrx_word' id='word_1_147' title='bbox 637 1723 757 1791; x_wconf 91' lang='lat' dir='ltr'><strong>undique</strong></span> <span class='ocrx_word' id='word_1_148' title='bbox 850 1740 865 1776; x_wconf 91' lang='grc' dir='ltr'>ο</span> 
     </span>
    </p>

    <p class='ocr_par' dir='ltr' id='par_1_19' title="bbox 191 1791 964 2067">
     <span class='ocr_line' id='line_1_22' title="bbox 193 1791 886 1861; baseline 0.004 -18"><span class='ocrx_word' id='word_1_149' title='bbox 193 1791 273 1844; x_wconf 90' lang='lat' dir='ltr'><strong>Pulsa</strong></span> <span class='ocrx_word' id='word_1_150' title='bbox 285 1793 377 1845; x_wconf 88' lang='lat' dir='ltr'><strong>domus</strong></span> <span class='ocrx_word' id='word_1_151' title='bbox 389 1793 502 1861; x_wconf 87' lang='lat' dir='ltr'><strong>strepitu</strong></span> <span class='ocrx_word' id='word_1_152' title='bbox 512 1798 623 1858; x_wconf 87' lang='lat' dir='ltr'><strong>resonet,</strong></span> <span class='ocrx_word' id='word_1_153' title='bbox 636 1792 678 1845; x_wconf 84' lang='lat' dir='ltr'><strong>uel</strong></span> <span class='ocrx_word' id='word_1_154' title='bbox 690 1792 805 1860; x_wconf 62' lang='lat' dir='ltr'><strong>pallida*</strong></span> <span class='ocrx_word' id='word_1_155' title='bbox 829 1797 886 1846; x_wconf 84' lang='lat' dir='ltr'><strong>ecto</strong></span> 
     </span>
     <span class='ocr_line' id='line_1_23' title="bbox 192 1855 964 1929; baseline -0.003 -17"><span class='ocrx_word' id='word_1_156' title='bbox 192 1860 304 1914; x_wconf 91' lang='lat' dir='ltr'><strong>Desiliat</strong></span> <span class='ocrx_word' id='word_1_157' title='bbox 315 1861 417 1929; x_wconf 87' lang='lat' dir='ltr'><strong>mulier,</strong></span> <span class='ocrx_word' id='word_1_158' title='bbox 429 1862 550 1914; x_wconf 85' lang='lat' dir='ltr'><strong>miseram</strong></span> <span class='ocrx_word' id='word_1_159' title='bbox 563 1879 590 1913; x_wconf 92' lang='lat' dir='ltr'><strong>se</strong></span> <span class='ocrx_word' id='word_1_160' title='bbox 602 1861 705 1913; x_wconf 86' lang='lat' dir='ltr'><strong>conscia</strong></span> <span class='ocrx_word' id='word_1_161' title='bbox 716 1862 819 1925; x_wconf 86' lang='lat' dir='ltr'><strong>clamet,</strong></span> <span class='ocrx_word' id='word_1_162' title='bbox 927 1855 964 1910; x_wconf 78' lang='lat' dir='ltr'><strong>lut</strong></span> 
     </span>
     <span class='ocr_line' id='line_1_24' title="bbox 193 1928 894 1998; baseline 0.004 -16"><span class='ocrx_word' id='word_1_163' title='bbox 193 1929 316 1983; x_wconf 74' lang='lat' dir='ltr'><strong>cruribus</strong></span> <span class='ocrx_word' id='word_1_164' title='bbox 328 1931 385 1983; x_wconf 84' lang='lat' dir='ltr'><strong>haec</strong></span> <span class='ocrx_word' id='word_1_165' title='bbox 396 1936 506 1996; x_wconf 84' lang='lat' dir='ltr'><strong>metuat,</strong></span> <span class='ocrx_word' id='word_1_166' title='bbox 519 1930 575 1982; x_wconf 91' lang='lat' dir='ltr'><strong>doti</strong></span> <span class='ocrx_word' id='word_1_167' title='bbox 587 1931 721 1998; x_wconf 82' lang='lat' dir='ltr'><strong>deprensa,</strong></span> <span class='ocrx_word' id='word_1_168' title='bbox 733 1936 836 1997; x_wconf 78' lang='lat' dir='ltr'><strong>egomet</strong></span> <span class='ocrx_word' id='word_1_169' title='bbox 847 1928 894 1985; x_wconf 85' lang='lat' dir='ltr'><strong>ml.</strong></span> 
     </span>
     <span class='ocr_line' id='line_1_25' title="bbox 191 1997 862 2067; baseline 0.001 -17"><span class='ocrx_word' id='word_1_170' title='bbox 191 1997 328 2052; x_wconf 87' lang='lat' dir='ltr'><strong>Discincta</strong></span> <span class='ocrx_word' id='word_1_171' title='bbox 340 1999 431 2052; x_wconf 88' lang='lat' dir='ltr'><strong>tunica</strong></span> <span class='ocrx_word' id='word_1_172' title='bbox 442 1999 599 2067; x_wconf 79' lang='lat' dir='ltr'><strong>fugiendum</strong></span> <span class='ocrx_word' id='word_1_173' title='bbox 611 2004 651 2050; x_wconf 87' lang='lat' dir='ltr'><strong>est</strong></span> <span class='ocrx_word' id='word_1_174' title='bbox 662 2015 694 2051; x_wconf 89' lang='lat' dir='ltr'><strong>sc</strong></span> <span class='ocrx_word' id='word_1_175' title='bbox 705 1999 772 2067; x_wconf 89' lang='lat' dir='ltr'><strong>pede</strong></span> <span class='ocrx_word' id='word_1_176' title='bbox 783 1999 862 2066; x_wconf 91' lang='lat' dir='ltr'><strong>nudo,</strong></span> 
     </span>
    </p>

    <p class='ocr_par' dir='ltr' id='par_1_20' title="bbox 190 2066 1006 2205">
     <span class='ocr_line' id='line_1_26' title="bbox 192 2066 885 2137; baseline 0.004 -19"><span class='ocrx_word' id='word_1_177' title='bbox 192 2066 234 2119; x_wconf 90' lang='lat' dir='ltr'><strong>Ne</strong></span> <span class='ocrx_word' id='word_1_178' title='bbox 245 2069 348 2120; x_wconf 92' lang='lat' dir='ltr'><strong>nummi</strong></span> <span class='ocrx_word' id='word_1_179' title='bbox 360 2074 468 2137; x_wconf 89' lang='lat' dir='ltr'><strong>pereant</strong></span> <span class='ocrx_word' id='word_1_180' title='bbox 480 2074 527 2120; x_wconf 92' lang='lat' dir='ltr'><strong>aut</strong></span> <span class='ocrx_word' id='word_1_181' title='bbox 559 2085 610 2134; x_wconf 78' lang='lat' dir='ltr'><strong>uga</strong></span> <span class='ocrx_word' id='word_1_182' title='bbox 621 2073 669 2119; x_wconf 85' lang='lat' dir='ltr'><strong>aut</strong></span> <span class='ocrx_word' id='word_1_183' title='bbox 682 2067 794 2135; x_wconf 90' lang='lat' dir='ltr'><strong>denique</strong></span> <span class='ocrx_word' id='word_1_184' title='bbox 806 2067 885 2121; x_wconf 64' lang='lat' dir='ltr'><strong>furna.</strong></span> 
     </span>
     <span class='ocr_line' id='line_1_27' title="bbox 190 2134 1006 2205; baseline 0.005 -18"><span class='ocrx_word' id='word_1_185' title='bbox 190 2134 324 2205; x_wconf 88' lang='lat' dir='ltr'><strong>Deprendi</strong></span> <span class='ocrx_word' id='word_1_186' title='bbox 335 2138 526 2202; x_wconf 87' lang='lat' dir='ltr'><strong>miserumest;</strong></span> <span class='ocrx_word' id='word_1_187' title='bbox 567 2136 679 2189; x_wconf 88' lang='lat' dir='ltr'><strong>abiovel</strong></span> <span class='ocrx_word' id='word_1_188' title='bbox 688 2136 780 2205; x_wconf 89' lang='lat' dir='ltr'><strong>judice</strong></span> <span class='ocrx_word' id='word_1_189' title='bbox 790 2136 902 2190; x_wconf 59' lang='lat' dir='ltr'><strong>uinum.</strong></span> <span class='ocrx_word' id='word_1_190' title='bbox 1005 2149 1006 2158; x_wconf 60' lang='lat'>¹</span> 
     </span>
    </p>
   </div>
   <div class='ocr_carea' id='block_1_5' title="bbox 484 2302 683 2358">
    <p class='ocr_par' dir='ltr' id='par_1_21' title="bbox 484 2302 683 2358">
     <span class='ocr_line' id='line_1_28' title="bbox 484 2302 683 2358; baseline 0 0"><span class='ocrx_word' id='word_1_191' title='bbox 484 2304 613 2358; x_wconf 82' lang='lat' dir='ltr'><strong>SATIRA</strong></span> <span class='ocrx_word' id='word_1_192' title='bbox 631 2302 683 2358; x_wconf 91' lang='lat' dir='ltr'><strong>III.</strong></span> 
     </span>
    </p>
   </div>
   <div class='ocr_carea' id='block_1_6' title="bbox 182 2412 899 2904">
    <p class='ocr_par' dir='ltr' id='par_1_22' title="bbox 182 2412 899 2831">
     <span class='ocr_line' id='line_1_29' title="bbox 191 2412 899 2480; baseline 0.001 -14"><span class='ocrx_word' id='word_1_193' title='bbox 191 2412 320 2466; x_wconf 79' lang='lat' dir='ltr'><strong>Ossismos</strong></span> <span class='ocrx_word' id='word_1_194' title='bbox 331 2413 381 2466; x_wconf 91' lang='lat' dir='ltr'><strong>hoc</strong></span> <span class='ocrx_word' id='word_1_195' title='bbox 393 2415 488 2468; x_wconf 85' lang='lat' dir='ltr'><strong>vitium</strong></span> <span class='ocrx_word' id='word_1_196' title='bbox 500 2413 708 2480; x_wconf 65' lang='lat' dir='ltr'><strong>succentoribus,</strong></span> <span class='ocrx_word' id='word_1_197' title='bbox 720 2413 790 2467; x_wconf 91' lang='lat' dir='ltr'><strong>inter</strong></span> <span class='ocrx_word' id='word_1_198' title='bbox 802 2414 899 2467; x_wconf 81' lang='lat' dir='ltr'><strong>amicos</strong></span> 
     </span>
     <span class='ocr_line' id='line_1_30' title="bbox 190 2481 868 2551; baseline 0.001 -17"><span class='ocrx_word' id='word_1_199' title='bbox 190 2481 229 2535; x_wconf 90' lang='lat' dir='ltr'><strong>Ut</strong></span> <span class='ocrx_word' id='word_1_200' title='bbox 240 2500 376 2550; x_wconf 92' lang='lat' dir='ltr'><strong>nunquam</strong></span> <span class='ocrx_word' id='word_1_201' title='bbox 387 2484 515 2535; x_wconf 89' lang='lat' dir='ltr'><strong>inducant</strong></span> <span class='ocrx_word' id='word_1_202' title='bbox 526 2483 645 2535; x_wconf 89' lang='lat' dir='ltr'><strong>animum</strong></span> <span class='ocrx_word' id='word_1_203' title='bbox 657 2489 763 2535; x_wconf 89' lang='lat' dir='ltr'><strong>cantare</strong></span> <span class='ocrx_word' id='word_1_204' title='bbox 774 2484 868 2551; x_wconf 81' lang='lat' dir='ltr'><strong>rogati,</strong></span> 
     </span>
     <span class='ocr_line' id='line_1_31' title="bbox 190 2550 842 2619; baseline 0.003 -16"><span class='ocrx_word' id='word_1_205' title='bbox 190 2550 288 2619; x_wconf 88' lang='lat' dir='ltr'><strong>Injussi</strong></span> <span class='ocrx_word' id='word_1_206' title='bbox 300 2568 435 2619; x_wconf 90' lang='lat' dir='ltr'><strong>nunquam</strong></span> <span class='ocrx_word' id='word_1_207' title='bbox 447 2553 583 2604; x_wconf 86' lang='lat' dir='ltr'><strong>desistant.</strong></span> <span class='ocrx_word' id='word_1_208' title='bbox 618 2551 715 2604; x_wconf 85' lang='lat' dir='ltr'><strong>Sardus</strong></span> <span class='ocrx_word' id='word_1_209' title='bbox 727 2550 842 2605; x_wconf 79' lang='lat' dir='ltr'><strong>habebat</strong></span> 
     </span>
     <span class='ocr_line' id='line_1_32' title="bbox 191 2619 841 2688; baseline 0.005 -17"><span class='ocrx_word' id='word_1_210' title='bbox 191 2619 241 2672; x_wconf 88' lang='lat' dir='ltr'><strong>Ille</strong></span> <span class='ocrx_word' id='word_1_211' title='bbox 254 2619 378 2688; x_wconf 81' lang='lat' dir='ltr'><strong>Tigellius</strong></span> <span class='ocrx_word' id='word_1_212' title='bbox 391 2621 446 2673; x_wconf 89' lang='lat' dir='ltr'><strong>hoc.</strong></span> <span class='ocrx_word' id='word_1_213' title='bbox 481 2621 574 2687; x_wconf 73' lang='lat' dir='ltr'><strong>Cesar,</strong></span> <span class='ocrx_word' id='word_1_214' title='bbox 586 2621 631 2687; x_wconf 92' lang='lat' dir='ltr'><strong>qui</strong></span> <span class='ocrx_word' id='word_1_215' title='bbox 644 2637 735 2687; x_wconf 82' lang='lat' dir='ltr'><strong>cogere</strong></span> <span class='ocrx_word' id='word_1_216' title='bbox 747 2627 841 2688; x_wconf 74' lang='lat' dir='ltr'><strong>posset,</strong></span> 
     </span>
     <span class='ocr_line' id='line_1_33' title="bbox 189 2688 890 2771; baseline 0 -29"><span class='ocrx_word' id='word_1_217' title='bbox 189 2688 218 2742; x_wconf 75' lang='lat' dir='ltr'><strong>fii</strong></span> <span class='ocrx_word' id='word_1_218' title='bbox 228 2695 331 2771; x_wconf 87' lang='lat' dir='ltr'><strong>peteret</strong></span> <span class='ocrx_word' id='word_1_219' title='bbox 343 2706 390 2757; x_wconf 90' lang='lat' dir='ltr'><strong>per</strong></span> <span class='ocrx_word' id='word_1_220' title='bbox 401 2690 545 2742; x_wconf 89' lang='lat' dir='ltr'><strong>amicitiam</strong></span> <span class='ocrx_word' id='word_1_221' title='bbox 557 2690 639 2757; x_wconf 86' lang='lat' dir='ltr'><strong>patris</strong></span> <span class='ocrx_word' id='word_1_222' title='bbox 651 2697 729 2757; x_wconf 88' lang='lat' dir='ltr'><strong>atque</strong></span> <span class='ocrx_word' id='word_1_223' title='bbox 742 2707 824 2757; x_wconf 77' lang='lat' dir='ltr'><strong>sum,</strong></span> <span class='ocrx_word' id='word_1_224' title='bbox 836 2706 890 2742; x_wconf 90' lang='lat' dir='ltr'><strong>non</strong></span> 
     </span>
     <span class='ocr_line' id='line_1_34' title="bbox 182 2757 830 2831; baseline -0.008 -19"><span class='ocrx_word' id='word_1_225' title='bbox 182 2757 338 2831; x_wconf 80' lang='lat' dir='ltr'><strong>Quidquam</strong></span> <span class='ocrx_word' id='word_1_226' title='bbox 350 2759 507 2831; x_wconf 60' lang='lat' dir='ltr'><strong>proficerem</strong></span> <span class='ocrx_word' id='word_1_227' title='bbox 523 2757 830 2820; x_wconf 53' lang='lat' dir='ltr'><strong>sustinuissemus</strong></span> 
     </span>
    </p>

    <p class='ocr_par' dir='ltr' id='par_1_23' title="bbox 288 2839 880 2904">
     <span class='ocr_line' id='line_1_35' title="bbox 288 2839 880 2904; baseline -0.003 -28"><span class='ocrx_word' id='word_1_228' title='bbox 288 2850 295 2883; x_wconf 73' lang='grc' dir='ltr'><strong><em>ι</em></strong></span> <span class='ocrx_word' id='word_1_229' title='bbox 310 2854 353 2890; x_wconf 65' lang='lat' dir='ltr'><strong>m</strong></span> <span class='ocrx_word' id='word_1_230' title='bbox 363 2862 419 2904; x_wconf 60' lang='lat' dir='ltr'><strong>pum·</strong></span> <span class='ocrx_word' id='word_1_231' title='bbox 596 2846 606 2868; x_wconf 68' lang='lat' dir='ltr'><strong>l·</strong></span> <span class='ocrx_word' id='word_1_232' title='bbox 620 2841 732 2892; x_wconf 55' lang='lat' dir='ltr'><strong>sepeliunt</strong></span> <span class='ocrx_word' id='word_1_233' title='bbox 761 2851 789 2875; x_wconf 81' lang='lat' dir='ltr'><strong>ue</strong></span> <span class='ocrx_word' id='word_1_234' title='bbox 797 2839 880 2886; x_wconf 46' lang='lat' dir='ltr'><strong>pellib</strong></span> 
     </span>
    </p>
   </div>
   <div class='ocr_carea' id='block_1_7' title="bbox 111 2935 142 2975">
    <p class='ocr_par' dir='ltr' id='par_1_24' title="bbox 111 2935 142 2975">
     <span class='ocr_line' id='line_1_36' title="bbox 111 2935 142 2975; baseline 0 0"><span class='ocrx_word' id='word_1_235' title='bbox 111 2935 142 2975; x_wconf 61' lang='lat' dir='ltr'>k</span> 
     </span>
    </p>
   </div>
   <div class='ocr_carea' id='block_1_8' title="bbox 0 0 1084 3309">
    <p class='ocr_par' dir='ltr' id='par_1_25' title="bbox 0 0 1084 3309">
     <span class='ocr_line' id='line_1_37' title="bbox 0 0 1084 3309; baseline 0 4"><span class='ocrx_word' id='word_1_236' title='bbox 0 0 1084 3309; x_wconf 95' lang='lat' dir='ltr'><strong> </strong></span> 
     </span>
    </p>
   </div>
  </div>
 </body>
</html>
