2159 3309
220 267 533 323 senissimum.
648 239 651 243 ⁸
722 269 773 325 irs

113 390 131 429 it
142 382 170 431 et
182 378 252 430 circa
263 379 363 430 saliunt
375 379 452 431 letus.
489 380 581 430 “Ante
595 380 736 432 secundum

113 446 201 500 orabat
214 448 263 499 sibi
281 448 382 499 adesses
394 449 428 499 ad
441 449 534 499 Puteal
549 450 628 500 cras.'’

113 518 232 568 ommuni
244 517 335 568 seribae
347 535 444 584 magne
455 525 535 586 atque
548 536 616 569 nova
629 526 655 569 te

114 586 192 638 hodie
203 587 372 651 meminisses,
386 587 489 653 Quinte,
503 586 622 639 reverti.”

113 663 148 707 rat
161 655 209 721 liis,
219 671 289 720 curu,
303 656 432 708 Maeceues
445 657 521 723 signo
534 655 663 709 tabellis.”

113 725 124 751 ²⁶
132 724 261 793 Experiar
271 726 294 778 :''
312 725 363 778 “si
374 726 421 790 vis,
434 726 531 793 potcs,”
544 726 619 777 addit
631 732 659 778 et
669 725 759 778 instat.

113 813 118 847 ι
129 803 222 850 octsvo
234 798 338 866 propior
346 800 402 865 jam
414 798 513 864 fugerit
525 815 618 867 onnus,
739 803 774 851 40

113 864 232 918 llaecenss
243 883 286 918 mo
298 868 377 935 coepit
388 865 483 918 habero
495 884 603 919 suorum

113 950 152 997 ro;
170 934 310 987 dumtaxat
322 935 424 1001 adhoc,
437 952 514 1003 quem
527 937 617 988 tollere
629 936 711 989 rhedo

113 1019 136 1055 er
146 1003 245 1057 faciens
257 1011 284 1056 et
296 1006 340 1056 cui
351 1004 504 1055 concredere
516 1021 602 1072 nugas

113 1077 275 1199 *mlsfflm
292 1084 374 1147 quota
390 1075 466 1131 estl'
484 1077 595 1130 “Threx
613 1084 654 1132 est
671 1080 776 1135 Gallina

113 1162 148 1198 nr

113 1236 119 1267 ι
131 1232 224 1283 porum
237 1221 326 1267 cautos
335 1216 391 1283 jam
403 1214 501 1281 frigora
512 1215 640 1267 mordent

113 1284 196 1337 imosa
206 1284 272 1336 bene
284 1284 452 1352 deponuntur
463 1284 491 1335 in
503 1300 573 1335 aure.

113 1370 133 1405 n
145 1352 194 1406 hoc
206 1360 309 1421 tempus
321 1353 462 1420 subjectior
474 1353 502 1404 in
514 1352 584 1404 diem
596 1357 623 1404 et
635 1351 726 1404 horam

113 1428 202 1476 noster.
237 1422 323 1475 Ludos
336 1428 498 1490 spectaverat
510 1439 570 1487 uno,

113 1494 135 1542 'n
147 1492 256 1559 Oempo:
275 1491 398 1543 Fortunae
410 1491 487 1556 filius,
500 1507 596 1542 omnes.

119 1576 136 1612 n
148 1560 247 1613 Rostris
260 1567 350 1611 manat
363 1578 409 1628 per
421 1560 535 1628 compito
547 1576 651 1613 rumor:
738 1561 772 1611 50

113 1647 141 1681 uo
152 1630 242 1682 obrius
255 1639 301 1696 est,
313 1648 354 1681 me
367 1630 497 1681 consulit:
516 1630 561 1681 “0
574 1628 647 1691 bone,
661 1625 734 1693 (nam
746 1634 775 1677 te

113 1716 143 1751 :os
155 1699 279 1767 quonism
291 1698 397 1767 propius
409 1698 546 1765 contingis,
560 1695 681 1765 oportet)

113 1768 165 1820 lde
178 1768 255 1819 Dacis
268 1768 366 1819 audisti
375 1766 406 1819 l'’
424 1768 491 1818 “Nil
504 1766 648 1835 equidem.”
670 1763 730 1815 “Ut
742 1768 774 1814 tu

113 1837 152 1889 iris
165 1836 261 1890 derisor
269 1837 294 1889 !'’
312 1839 327 1865 “
337 1840 372 1889 At
384 1853 473 1889 omnes
484 1836 519 1887 Di
533 1836 670 1902 exagitent
681 1850 731 1899 mc,

113 1905 198 1958 usm.’'
225 1907 240 1933 “
249 1904 339 1970 Quid?
356 1904 486 1957 militibus
498 1905 624 1971 promissa
636 1903 775 1970 Triquetra

113 1974 190 2039 lsessr,
203 1988 237 2025 sn
249 1978 288 2025 est
302 1972 371 2024 italo
382 1972 476 2026 tellure
488 1972 635 2026 ‹iuturusl''

113 2058 125 2093 n
137 2056 179 2093 ms
191 2041 256 2093 sciro
268 2041 335 2092 nihil
347 2043 477 2094 mirantur
488 2048 520 2094 ut
532 2059 617 2093 unum

113 2110 201 2178 tgrcgii
212 2110 347 2162 mortalem
360 2110 460 2178 altique
473 2110 570 2163 silenti.

120 2178 177 2231 haec
189 2179 257 2231 inter
269 2180 361 2231 misero
373 2179 421 2232 lux
433 2197 485 2231 non
498 2180 554 2231 sine
566 2178 647 2231 votis:

115 2248 183 2301 ando
196 2265 244 2315 ego
256 2252 283 2301 te
295 2248 454 2317 adspiciam?
470 2248 627 2316 quandoque
636 2248 725 2301 licebit
738 2252 771 2301 60

113 2325 191 2370 rernm
203 2316 284 2382 libris,
296 2334 367 2369 nunc
380 2335 468 2369 somno
481 2323 508 2369 et
520 2317 649 2370 inertibus
659 2317 730 2371 horis

113 2386 216 2439 sllicitae
224 2386 343 2454 jucunde
355 2387 450 2439 oblivis
462 2386 543 2439 vitoe?

113 2455 195 2508 >fobe
208 2456 363 2523 Pythagorae
376 2463 487 2523 cognata
499 2456 630 2522 simulque

113 2524 147 2577 tis
159 2524 252 2593 pingui
261 2531 395 2645 Bonentur
403 2525 520 2578 oluscula
532 2526 623 2578 lerdol

119 2610 249 2661 coenaequo
287 2592 361 2647 erim!
381 2595 475 2661 quibus
487 2596 542 2662 ipse
554 2596 657 2662 meique

113 2679 147 2714 zm
158 2662 293 2730 proprium
305 2679 392 2714 vescor
404 2681 547 2733 vernasque
560 2682 680 2732 procaces

113 2730 158 2779 rtis
170 2730 290 2798 dapibus.
329 2732 416 2789 Prout
427 2736 525 2808 cuique
532 2734 621 2788 unios
632 2741 685 2799 est,

113 2798 213 2878 quoles
227 2802 329 2858 calices
344 2808 465 2865 convive.
477 2808 590 2877 solutus

113 2878 194 2931 ”⁰¹⁵2
209 2886 262 2927 ⁸eu
275 2877 345 2945 quis
357 2882 441 2954 capit
453 2883 536 2938 scrin
546 2878 637 2934 {ortis
