2159 3309
194 267 547 335 remurmurans.
720 267 770 324 175

134 382 213 434 paque
225 367 331 419 domum
343 368 453 433 redeam,
467 374 493 417 te
506 375 573 431 vute,
585 386 669 435 neque
681 369 736 422 illio

134 453 175 487 eoa
186 437 270 504 procis
282 436 382 508 intacta
394 446 433 487 est
445 444 491 487 aut
503 454 596 503 pecus3
614 438 689 503 atqui

137 511 148 555 t
160 505 244 557 virtus
256 506 308 556 nisi
320 522 379 557 curn
391 522 419 556 re
432 506 508 555 vilior
518 506 579 573 alga
590 504 656 557 est’'

134 572 281 643 pauperiem
293 572 377 631 missis
390 571 544 640 ambagibus
556 573 652 638 horrea,

134 640 259 691 eratione
271 656 351 707 queas
363 639 494 690 ditescere.
529 638 633 690 Turdus
733 641 766 689 10

135 709 240 777 privum
252 706 357 760 dabitur
368 708 425 774 tibi,
437 707 540 759 devolet
552 708 623 771 illuc,

135 794 196 844 tgna
208 777 283 842 nitet,
296 776 399 827 domino
412 793 472 828 sene
479 795 486 839 ;
504 776 592 827 dulcia
604 793 681 843 poma

135 862 191 914 ique
203 845 270 897 feret
283 846 368 897 cultus
381 845 430 895 tibi
441 845 540 895 frmdus
552 845 662 897 honores

134 933 141 965 ι
154 920 244 981 gustet
255 913 427 966 venerabilior
438 913 493 965 lare
505 913 593 976 divee3

135 984 162 1035 is
174 984 292 1051 perjurus
304 984 362 1047 erit,
374 982 430 1034 sine
441 988 527 1049 gente,
540 988 664 1034 cruentus

135 1053 245 1118 ¹ruterno,
257 1051 395 1119 fugitivus,
407 1068 440 1102 ne
452 1058 542 1102 tamen
553 1050 594 1102 illi

135 1123 247 1189 exterior,
261 1124 282 1174 si
295 1122 467 1191 postuletne
478 1120 605 1173 recuses.”

135 1208 173 1243 am
185 1209 278 1260 spurco
291 1192 381 1243 Damae
393 1190 482 1243 latusl
500 1189 571 1242 haud
584 1189 621 1240 ita
633 1187 716 1256 Trojte

135 1266 217 1313 artene
229 1277 330 1328 semper
340 1258 517 1312 melioribus.”
553 1258 645 1324 “Ergo

135 1328 163 1382 ι.”
179 1331 194 1356 ‘⁴
200 1329 305 1381 Fortem
312 1329 361 1381 hoc
369 1330 486 1380 animum
494 1327 605 1380 tolerare
609 1325 723 1393 jubebo;
735 1326 770 1377 20

135 1415 160 1449 m
172 1399 272 1465 majora
284 1398 342 1450 tuli.
377 1398 416 1449 uu
429 1398 555 1466 protinus,
568 1396 638 1447 unde

135 1467 214 1534 daque
227 1484 310 1532 ruam,
323 1467 366 1519 dic
378 1484 472 1535 augur,
484 1463 614 1518 acervos.’‘

135 1536 199 1588 idem
212 1541 238 1588 et
251 1536 325 1588 dico:
343 1543 432 1601 captes
444 1541 549 1587 astutus
561 1532 659 1599 ubique

135 1617 254 1666 caenum,
267 1616 327 1665 neu,
337 1601 358 1651 si
371 1599 443 1651 vafer
455 1616 522 1652 unua
535 1605 562 1652 et
574 1600 642 1652 alter

135 1686 160 1720 m
172 1686 282 1737 praeroso
294 1668 392 1735 fugerit
404 1668 488 1735 hamo,

135 1738 243 1806 deponas
255 1743 302 1790 aut
314 1743 397 1789 artem
409 1737 501 1789 illusus
513 1736 627 1790 omittas.

135 1824 208 1859 norve
219 1807 274 1858 foro
287 1807 308 1858 si
320 1823 361 1858 res
373 1806 515 1858 certabitur
527 1806 598 1870 olim,

140 1876 255 1943 locuples
267 1876 322 1927 sine
333 1875 428 1942 gnatia,
440 1874 580 1943 improbus,
592 1874 663 1927 ultro

135 1962 174 1997 em
186 1944 274 1996 audax
286 1951 361 1996 vocet
372 1944 401 1995 in
409 1946 462 2012 jus,
474 1944 546 1995 illius
558 1950 613 1996 esto

135 2014 206 2066 fama
218 2014 302 2064 civem
314 2030 444 2081 causaque
456 2014 568 2082 priorem
729 2015 764 2067 ³0

135 2082 165 2133 ni
178 2082 199 2134 si
211 2088 308 2150 gnatus
321 2083 370 2134 erit
382 2082 527 2134 fecundave
540 2082 643 2149 conjux.

135 2152 248 2218 rta,aut‘
255 2149 502 2218 Publi’-gaudent
509 2152 669 2219 praenomine
677 2151 768 2206 molles

135 2251 154 2261 —
166 2221 231 2273 ‘tibi
241 2237 284 2272 me
295 2219 380 2272 virtue
392 2225 440 2271 tua
451 2219 515 2271 fecit
526 2220 659 2285 amicum

136 2323 137 2330 η
148 2285 217 2351 novi,
230 2302 321 2337 causae
333 2284 472 2337 defendere
483 2301 587 2353 possum
597 2303 605 2350 3

138 2355 177 2406 vis
189 2354 277 2407 oculos
289 2354 367 2406 citius
379 2353 453 2419 mihi,
465 2371 546 2421 qnam
558 2360 585 2407 te

136 2441 163 2475 m
175 2440 247 2475 cassa
258 2440 325 2475 nuce
337 2428 478 2491 pauperet;
495 2422 552 2475 haec
563 2441 621 2476 mea
633 2441 695 2477 cura
707 2430 754 2489 est,

148 2492 248 2561 perdas,
260 2509 313 2544 neu
325 2492 359 2543 sis
367 2490 460 2559 jocus?
497 2492 540 2545 Ire
552 2492 659 2545 domum
671 2500 751 2561 atque

144 2579 235 2613 curare
243 2560 323 2629 jube;
340 2560 358 2612 fi
371 2561 489 2628 cognitor
501 2559 570 2627 ipse:

136 2648 160 2683 re
172 2630 278 2695 obdura,
291 2647 336 2681 seu
348 2630 429 2681 rubra
441 2629 566 2681 Canicula
578 2628 661 2680 findet

136 2706 216 2765 atuas,
229 2716 275 2751 seu
287 2699 381 2767 pingui
394 2704 483 2751 tentus
496 2715 583 2750 omaso
729 2698 762 2749 40

136 2784 200 2819 mas
211 2785 279 2821 cana
291 2786 356 2823 mre
367 2782 502 2843 conspuet
515 2767 606 2839 rupee
