2159 3309
315 282 509 338 OARMINUM
527 281 565 334 II.
584 284 660 334 2-4
846 285 881 335 35

164 389 210 442 Nil
222 389 339 453 interest,
352 406 386 439 en
399 405 498 455 pauper
509 394 536 438 et
549 388 639 438 infima

198 460 238 512 De
251 466 328 526 gente
341 458 388 509 sub
402 457 461 508 divo
474 457 586 520 moreris,

234 528 350 580 Victima
362 527 401 578 nil
414 527 562 577 miserantis
576 525 643 577 Orci.

164 597 261 650 Omnes
273 596 363 648 eodem
376 596 500 662 cogimur,
514 596 633 647 omnium

162 666 290 720 Versatur
302 682 369 717 urna
382 666 463 716 serius
476 665 548 716 ocius

197 735 258 789 Sors
271 734 375 785 exitura
387 742 414 785 et
427 751 473 785 nos
485 734 513 784 in
526 739 654 785 aeternum

233 803 353 858 Exilium
364 796 637 873 impchymhar.

188 970 337 1026 GARMEN
355 970 475 1023 IV.—nn
489 986 643 1024 xenonum
657 986 798 1025 rnocnnn.

164 1080 208 1133 Nn
219 1081 254 1133 sit
266 1080 369 1133 ancillae
383 1079 431 1131 tibi
443 1097 516 1131 amor
528 1079 629 1148 pudori,

164 1148 281 1203 Xanthia
293 1150 412 1203 Phoceu!
432 1148 508 1200 Prius
520 1149 676 1201 insolentem

163 1217 242 1272 Serva
255 1220 351 1271 Briseis
363 1218 440 1270 niveo
452 1217 536 1269 colore

232 1288 317 1341 Movit
330 1287 476 1351 Achillem

161 1355 248 1410 Movit
259 1358 368 1426 Ajacem
380 1356 518 1409 Telamone
531 1362 625 1408 natum

162 1426 258 1479 Forma
270 1428 382 1495 captivae
395 1426 530 1479 dominum
543 1426 684 1477 Tecmessae
691 1444 699 1490 ;

160 1496 235 1548 Arsit
247 1496 353 1549 Atrides
364 1496 451 1549 medio
463 1497 491 1548 in
503 1496 637 1565 triumpho

235 1564 345 1633 Virgine
357 1573 441 1634 repta,

161 1632 285 1687 Barbarae
298 1641 438 1702 postquam
451 1634 567 1687 cecidere
579 1640 673 1686 turmae

162 1702 286 1755 Thessalo
298 1704 397 1757 victore
409 1712 436 1756 et
448 1705 524 1757 adem
543 1707 587 1774 tos
600 1704 699 1757 Hector
851 1706 885 1757 10

162 1770 284 1824 Tradidit
296 1774 370 1825 fessis
382 1774 480 1827 leviora
492 1780 520 1826 to
543 1774 550 1786 “

234 1841 362 1909 Pergama
375 1844 466 1895 Graiis.

161 1907 188 1962 Ν
189 1911 278 1975 eseias,
291 1929 325 1963 an
338 1919 365 1963 te
377 1930 503 1980 generum
514 1911 586 1965 beati

162 1977 294 2046 Phyllidis
306 1980 381 2034 flavae
393 1982 516 2034 decorent
528 1987 664 2051 parentes:
720 2045 723 2050 ¹

162 2046 279 2118 Regium
288 2057 358 2102 certe
369 2068 452 2118 genus
465 2058 491 2103 et
504 2051 617 2105 Penates

232 2117 325 2171 Maeret
337 2120 446 2187 iniquos.
935 2176 941 2185 ,

163 2185 244 2239 Orede
256 2204 309 2239 non
321 2189 395 2241 illam
407 2189 457 2242 tibi
469 2189 501 2241 de
514 2190 623 2255 scel—esta
637 2178 754 2266 delfi
762 2219 797 2240 a„
808 2164 939 2238 ἐλά»
956 2164 1006 2236 xrs

163 2254 243 2307 Plebe
255 2256 386 2323 dilectam,
399 2275 485 2327 neque
497 2259 533 2311 eie
546 2249 657 2325 fidelem,
668 2276 710 2323 xm
716 2257 767 2323 ,05
804 2258 881 2323 Xoa-
895 2256 969 2314 Aa*

162 2322 206 2377 Sic
217 2324 290 2378 lucro
302 2344 420 2380 aversam
432 2329 548 2396 potuisse
560 2330 632 2381 nasci
701 2379 703 2382 .

231 2393 318 2448 Matre
330 2397 461 2465 pudenda.
725 2396 729 2404 ’
849 2402 884 2452 20

161 2461 275 2515 Brachia
287 2470 314 2517 et
325 2467 429 2518 vultum
442 2473 588 2535 teretesque
600 2484 674 2521 surae

162 2531 270 2600 Integer
282 2533 373 2596 laud03
390 2537 452 2603 fuge
465 2538 600 2604 suspicari,

164 2601 245 2669 Cujus
257 2610 380 2656 octavum
393 2606 535 2673 trepidavit
548 2614 612 2659 aetas

234 2670 361 2725 Claudere
372 2674 494 2730 lustrum.
