<?xml version="1.0" encoding="UTF-8"?>
<!DOCTYPE html PUBLIC "-//W3C//DTD XHTML 1.0 Transitional//EN"
    "http://www.w3.org/TR/xhtml1/DTD/xhtml1-transitional.dtd">
<html xmlns="http://www.w3.org/1999/xhtml" xml:lang="en" lang="en">
 <head>
  <title>
</title>
<meta http-equiv="Content-Type" content="text/html;charset=utf-8" />
  <meta name='ocr-system' content='tesseract 3.04.00' />
  <meta name='ocr-capabilities' content='ocr_page ocr_carea ocr_par ocr_line ocrx_word'/>
</head>
<body>
  <div class='ocr_page' id='page_1' title='image "./qhoratiiflaccio01flacgoog_0235.png"; bbox 0 0 2159 3309; ppageno 0'>
   <div class='ocr_carea' id='block_1_1' title="bbox 261 261 860 332">
    <p class='ocr_par' dir='ltr' id='par_1_1' title="bbox 261 261 860 332">
     <span class='ocr_line' id='line_1_1' title="bbox 261 261 860 332; baseline 0.005 -18"><span class='ocrx_word' id='word_1_1' title='bbox 261 261 512 318; x_wconf 83' lang='lat' dir='ltr'>EPISTOLARUM</span> <span class='ocrx_word' id='word_1_2' title='bbox 530 266 551 320; x_wconf 92' lang='lat'>1.</span> <span class='ocrx_word' id='word_1_3' title='bbox 573 270 613 332; x_wconf 82' lang='lat'>17,</span> <span class='ocrx_word' id='word_1_4' title='bbox 632 272 672 321; x_wconf 88' lang='grc'>18,</span> <span class='ocrx_word' id='word_1_5' title='bbox 809 264 860 318; x_wconf 79' lang='lat'>213</span> 
     </span>
    </p>
   </div>
   <div class='ocr_carea' id='block_1_2' title="bbox 138 359 811 714">
    <p class='ocr_par' dir='ltr' id='par_1_2' title="bbox 138 359 719 440">
     <span class='ocr_line' id='line_1_2' title="bbox 138 359 719 440; baseline 0.024 -30"><span class='ocrx_word' id='word_1_6' title='bbox 138 359 193 440; x_wconf 77' lang='lat' dir='ltr'>ruic</span> <span class='ocrx_word' id='word_1_7' title='bbox 205 360 337 414; x_wconf 84' lang='lat' dir='ltr'>diversum</span> <span class='ocrx_word' id='word_1_8' title='bbox 350 365 414 417; x_wconf 89' lang='lat' dir='ltr'>vitio</span> <span class='ocrx_word' id='word_1_9' title='bbox 427 367 522 419; x_wconf 85' lang='lat' dir='ltr'>vitium</span> <span class='ocrx_word' id='word_1_10' title='bbox 535 387 614 437; x_wconf 83' lang='lat' dir='ltr'>prope</span> <span class='ocrx_word' id='word_1_11' title='bbox 626 373 719 438; x_wconf 84' lang='lat' dir='ltr'>majus.</span> 
     </span>
    </p>

    <p class='ocr_par' dir='ltr' id='par_1_3' title="bbox 139 432 693 507">
     <span class='ocr_line' id='line_1_3' title="bbox 139 432 693 507; baseline 0.023 -28"><span class='ocrx_word' id='word_1_12' title='bbox 139 435 204 481; x_wconf 78' lang='lat' dir='ltr'>ritas</span> <span class='ocrx_word' id='word_1_13' title='bbox 216 432 326 497; x_wconf 75' lang='lat' dir='ltr'>agrestis</span> <span class='ocrx_word' id='word_1_14' title='bbox 339 441 365 484; x_wconf 89' lang='lat' dir='ltr'>et</span> <span class='ocrx_word' id='word_1_15' title='bbox 378 435 533 489; x_wconf 81' lang='lat' dir='ltr'>inconcinna</span> <span class='ocrx_word' id='word_1_16' title='bbox 547 440 693 507; x_wconf 80' lang='lat' dir='ltr'>gravisque,</span> 
     </span>
    </p>

    <p class='ocr_par' dir='ltr' id='par_1_4' title="bbox 146 502 738 644">
     <span class='ocr_line' id='line_1_4' title="bbox 146 502 738 577; baseline 0.024 -29"><span class='ocrx_word' id='word_1_17' title='bbox 146 515 174 549; x_wconf 89' lang='lat' dir='ltr'>se</span> <span class='ocrx_word' id='word_1_18' title='bbox 186 502 351 553; x_wconf 81' lang='lat' dir='ltr'>commendat</span> <span class='ocrx_word' id='word_1_19' title='bbox 364 509 438 555; x_wconf 83' lang='lat' dir='ltr'>tonsa</span> <span class='ocrx_word' id='word_1_20' title='bbox 451 513 517 572; x_wconf 90' lang='lat' dir='ltr'>cute,</span> <span class='ocrx_word' id='word_1_21' title='bbox 531 508 654 560; x_wconf 80' lang='lat' dir='ltr'>dentibus</span> <span class='ocrx_word' id='word_1_22' title='bbox 667 510 738 577; x_wconf 77' lang='lat' dir='ltr'>atris,</span> 
     </span>
     <span class='ocr_line' id='line_1_5' title="bbox 152 566 706 644; baseline 0.025 -27"><span class='ocrx_word' id='word_1_23' title='bbox 152 566 212 619; x_wconf 83' lang='lat' dir='ltr'>vult</span> <span class='ocrx_word' id='word_1_24' title='bbox 223 568 330 621; x_wconf 85' lang='lat' dir='ltr'>libertas</span> <span class='ocrx_word' id='word_1_25' title='bbox 343 571 395 623; x_wconf 89' lang='lat' dir='ltr'>dici</span> <span class='ocrx_word' id='word_1_26' title='bbox 407 591 478 625; x_wconf 77' lang='lat' dir='ltr'>mern</span> <span class='ocrx_word' id='word_1_27' title='bbox 491 593 603 644; x_wconf 83' lang='lat' dir='ltr'>veraque</span> <span class='ocrx_word' id='word_1_28' title='bbox 615 580 706 632; x_wconf 83' lang='lat' dir='ltr'>virtus.</span> 
     </span>
    </p>

    <p class='ocr_par' dir='ltr' id='par_1_5' title="bbox 139 638 811 714">
     <span class='ocr_line' id='line_1_6' title="bbox 139 638 811 714; baseline 0.025 -28"><span class='ocrx_word' id='word_1_29' title='bbox 139 652 162 687; x_wconf 83' lang='lat' dir='ltr'>rs</span> <span class='ocrx_word' id='word_1_30' title='bbox 174 644 214 688; x_wconf 87' lang='lat' dir='ltr'>est</span> <span class='ocrx_word' id='word_1_31' title='bbox 225 638 342 690; x_wconf 89' lang='lat' dir='ltr'>medium</span> <span class='ocrx_word' id='word_1_32' title='bbox 354 642 478 694; x_wconf 87' lang='lat' dir='ltr'>vitiorum</span> <span class='ocrx_word' id='word_1_33' title='bbox 491 655 517 696; x_wconf 88' lang='lat' dir='ltr'>et</span> <span class='ocrx_word' id='word_1_34' title='bbox 531 647 653 714; x_wconf 86' lang='lat' dir='ltr'>utrinque</span> <span class='ocrx_word' id='word_1_35' title='bbox 666 649 811 702; x_wconf 82' lang='lat' dir='ltr'>reductum</span> 
     </span>
    </p>
   </div>
   <div class='ocr_carea' id='block_1_3' title="bbox 138 705 861 1305">
    <p class='ocr_par' dir='ltr' id='par_1_6' title="bbox 138 705 861 849">
     <span class='ocr_line' id='line_1_7' title="bbox 139 705 861 787; baseline 0.022 -31"><span class='ocrx_word' id='word_1_36' title='bbox 139 722 144 735; x_wconf 90' lang='lat'><strong>·</strong></span> <span class='ocrx_word' id='word_1_37' title='bbox 155 705 185 756; x_wconf 90' lang='lat' dir='ltr'>in</span> <span class='ocrx_word' id='word_1_38' title='bbox 196 705 350 787; x_wconf 72' lang='lat' dir='ltr'>obsequium</span> <span class='ocrx_word' id='word_1_39' title='bbox 362 710 421 777; x_wconf 89' lang='lat' dir='ltr'>plus</span> <span class='ocrx_word' id='word_1_40' title='bbox 434 729 507 778; x_wconf 84' lang='lat' dir='ltr'>aequo</span> <span class='ocrx_word' id='word_1_41' title='bbox 520 732 616 781; x_wconf 91' lang='lat' dir='ltr'>pronus</span> <span class='ocrx_word' id='word_1_42' title='bbox 628 724 655 769; x_wconf 89' lang='lat' dir='ltr'>et</span> <span class='ocrx_word' id='word_1_43' title='bbox 667 718 715 770; x_wconf 88' lang='lat' dir='ltr'>imi</span> <span class='ocrx_word' id='word_1_44' title='bbox 829 722 861 771; x_wconf 90' lang='lat'>10</span> 
     </span>
     <span class='ocr_line' id='line_1_8' title="bbox 138 773 616 849; baseline 0.025 -25"><span class='ocrx_word' id='word_1_45' title='bbox 138 790 175 826; x_wconf 75' lang='lat' dir='ltr'>sor</span> <span class='ocrx_word' id='word_1_46' title='bbox 185 773 249 827; x_wconf 76' lang='lat' dir='ltr'>lecti</span> <span class='ocrx_word' id='word_1_47' title='bbox 261 776 298 827; x_wconf 80' lang='lat' dir='ltr'>sic</span> <span class='ocrx_word' id='word_1_48' title='bbox 310 785 406 830; x_wconf 87' lang='lat' dir='ltr'>nutum</span> <span class='ocrx_word' id='word_1_49' title='bbox 418 780 508 833; x_wconf 83' lang='lat' dir='ltr'>divitis</span> <span class='ocrx_word' id='word_1_50' title='bbox 521 783 616 849; x_wconf 89' lang='lat' dir='ltr'>horret,</span> 
     </span>
    </p>

    <p class='ocr_par' dir='ltr' id='par_1_7' title="bbox 138 847 647 921">
     <span class='ocr_line' id='line_1_9' title="bbox 138 847 647 921; baseline 0.026 -28"><span class='ocrx_word' id='word_1_51' title='bbox 138 847 203 895; x_wconf 78' lang='lat' dir='ltr'>teret</span> <span class='ocrx_word' id='word_1_52' title='bbox 215 860 290 896; x_wconf 84' lang='lat' dir='ltr'>voces</span> <span class='ocrx_word' id='word_1_53' title='bbox 302 852 330 897; x_wconf 88' lang='lat' dir='ltr'>et</span> <span class='ocrx_word' id='word_1_54' title='bbox 342 848 422 899; x_wconf 80' lang='lat' dir='ltr'>verbe</span> <span class='ocrx_word' id='word_1_55' title='bbox 434 850 557 903; x_wconf 78' lang='lat' dir='ltr'>cadentia</span> <span class='ocrx_word' id='word_1_56' title='bbox 568 854 647 921; x_wconf 88' lang='lat' dir='ltr'>tollit,</span> 
     </span>
    </p>

    <p class='ocr_par' dir='ltr' id='par_1_8' title="bbox 139 916 661 989">
     <span class='ocr_line' id='line_1_10' title="bbox 139 916 661 989; baseline 0.027 -27"><span class='ocrx_word' id='word_1_57' title='bbox 139 928 230 964; x_wconf 88' lang='lat' dir='ltr'>uerum</span> <span class='ocrx_word' id='word_1_58' title='bbox 242 930 310 966; x_wconf 83' lang='lat' dir='ltr'>saevo</span> <span class='ocrx_word' id='word_1_59' title='bbox 322 916 411 969; x_wconf 80' lang='lat' dir='ltr'>credes</span> <span class='ocrx_word' id='word_1_60' title='bbox 423 918 522 971; x_wconf 78' lang='lat' dir='ltr'>dictate</span> <span class='ocrx_word' id='word_1_61' title='bbox 534 924 661 989; x_wconf 82' lang='lat' dir='ltr'>magistro</span> 
     </span>
    </p>

    <p class='ocr_par' dir='ltr' id='par_1_9' title="bbox 138 980 732 1125">
     <span class='ocr_line' id='line_1_11' title="bbox 138 980 732 1051; baseline 0.025 -19"><span class='ocrx_word' id='word_1_62' title='bbox 138 980 188 1034; x_wconf 79' lang='lat' dir='ltr'>leue</span> <span class='ocrx_word' id='word_1_63' title='bbox 200 982 242 1034; x_wconf 84' lang='lat' dir='ltr'>vel</span> <span class='ocrx_word' id='word_1_64' title='bbox 254 990 341 1051; x_wconf 80' lang='lat' dir='ltr'>partes</span> <span class='ocrx_word' id='word_1_65' title='bbox 353 986 463 1038; x_wconf 86' lang='lat' dir='ltr'>mimum</span> <span class='ocrx_word' id='word_1_66' title='bbox 476 995 589 1042; x_wconf 77' lang='lat' dir='ltr'>tractare</span> <span class='ocrx_word' id='word_1_67' title='bbox 601 994 732 1049; x_wconf 86' lang='lat' dir='ltr'>secundas.</span> 
     </span>
     <span class='ocr_line' id='line_1_12' title="bbox 139 1050 585 1125; baseline 0.016 -23"><span class='ocrx_word' id='word_1_68' title='bbox 139 1050 261 1103; x_wconf 74' lang='lat' dir='ltr'>rrixetur</span> <span class='ocrx_word' id='word_1_69' title='bbox 272 1051 305 1104; x_wconf 91' lang='lat' dir='ltr'>de</span> <span class='ocrx_word' id='word_1_70' title='bbox 316 1052 379 1106; x_wconf 76' lang='lat' dir='ltr'>lene</span> <span class='ocrx_word' id='word_1_71' title='bbox 391 1072 457 1123; x_wconf 81' lang='lat' dir='ltr'>saepe</span> <span class='ocrx_word' id='word_1_72' title='bbox 469 1057 585 1125; x_wconf 79' lang='lat' dir='ltr'>caprino,</span> 
     </span>
    </p>

    <p class='ocr_par' dir='ltr' id='par_1_10' title="bbox 139 1120 781 1187">
     <span class='ocr_line' id='line_1_13' title="bbox 139 1120 781 1187; baseline 0.005 -17"><span class='ocrx_word' id='word_1_73' title='bbox 139 1124 239 1187; x_wconf 75' lang='lat' dir='ltr'>ugnut&#39;</span> <span class='ocrx_word' id='word_1_74' title='bbox 249 1124 327 1187; x_wconf 76' lang='lat' dir='ltr'>nugi·</span> <span class='ocrx_word' id='word_1_75' title='bbox 339 1131 455 1173; x_wconf 78' lang='lat' dir='ltr'>armatus</span> <span class='ocrx_word' id='word_1_76' title='bbox 467 1140 472 1172; x_wconf 93' lang='lat'><strong>:</strong></span> <span class='ocrx_word' id='word_1_77' title='bbox 491 1125 505 1148; x_wconf 71' lang='lat'>‘⁵</span> <span class='ocrx_word' id='word_1_78' title='bbox 515 1120 629 1181; x_wconf 74' lang='lat' dir='ltr'>Scilicet,</span> <span class='ocrx_word' id='word_1_79' title='bbox 640 1126 672 1172; x_wconf 89' lang='lat' dir='ltr'>ut</span> <span class='ocrx_word' id='word_1_80' title='bbox 683 1137 736 1172; x_wconf 90' lang='lat' dir='ltr'>non</span> <span class='ocrx_word' id='word_1_81' title='bbox 779 1151 781 1155; x_wconf 40' lang='lat' dir='ltr'>v</span> 
     </span>
    </p>

    <p class='ocr_par' dir='ltr' id='par_1_11' title="bbox 139 1188 765 1305">
     <span class='ocr_line' id='line_1_14' title="bbox 139 1188 765 1305; baseline 0.01 -66"><span class='ocrx_word' id='word_1_82' title='bbox 139 1188 187 1240; x_wconf 84' lang='lat' dir='ltr'>iihi</span> <span class='ocrx_word' id='word_1_83' title='bbox 217 1189 285 1241; x_wconf 81' lang='lat' dir='ltr'>rime</span> <span class='ocrx_word' id='word_1_84' title='bbox 296 1188 368 1250; x_wconf 85' lang='lat' dir='ltr'>fides,</span> <span class='ocrx_word' id='word_1_85' title='bbox 377 1193 405 1240; x_wconf 86' lang='lat' dir='ltr'>et</span> <span class='ocrx_word' id='word_1_86' title='bbox 415 1206 476 1242; x_wconf 78' lang='lat' dir='ltr'>vere</span> <span class='ocrx_word' id='word_1_87' title='bbox 487 1190 557 1256; x_wconf 91' lang='lat' dir='ltr'>quod</span> <span class='ocrx_word' id='word_1_88' title='bbox 570 1189 657 1305; x_wconf 79' lang='lat' dir='ltr'>placet</span> <span class='ocrx_word' id='word_1_89' title='bbox 668 1196 699 1239; x_wconf 83' lang='lat' dir='ltr'>ut</span> <span class='ocrx_word' id='word_1_90' title='bbox 712 1202 765 1236; x_wconf 79' lang='lat' dir='ltr'>1¹0ss</span> 
     </span>
    </p>
   </div>
   <div class='ocr_carea' id='block_1_4' title="bbox 139 1254 852 1385">
    <p class='ocr_par' dir='ltr' id='par_1_12' title="bbox 139 1254 852 1385">
     <span class='ocr_line' id='line_1_15' title="bbox 139 1254 749 1310; baseline -0.008 -1"><span class='ocrx_word' id='word_1_91' title='bbox 139 1274 199 1310; x_wconf 77' lang='lat' dir='ltr'>&#39;ere</span> <span class='ocrx_word' id='word_1_92' title='bbox 226 1265 293 1308; x_wconf 87' lang='lat' dir='ltr'>trem</span> <span class='ocrx_word' id='word_1_93' title='bbox 305 1254 331 1305; x_wconf 83' lang='lat' dir='ltr'>l”</span> <span class='ocrx_word' id='word_1_94' title='bbox 356 1255 473 1306; x_wconf 90' lang='lat' dir='ltr'>Pretium</span> <span class='ocrx_word' id='word_1_95' title='bbox 487 1255 749 1306; x_wconf 74' lang='lat' dir='ltr'>aetasaterasorden</span> 
     </span>
     <span class='ocr_line' id='line_1_16' title="bbox 139 1311 852 1385; baseline -0.011 -15"><span class='ocrx_word' id='word_1_96' title='bbox 139 1318 225 1385; x_wconf 39' lang='lat' dir='ltr'>rigitur</span> <span class='ocrx_word' id='word_1_97' title='bbox 236 1318 300 1384; x_wconf 92' lang='lat' dir='ltr'>quid</span> <span class='ocrx_word' id='word_1_98' title='bbox 313 1316 400 1368; x_wconf 77' lang='lat' dir='ltr'>enimi</span> <span class='ocrx_word' id='word_1_99' title='bbox 419 1315 508 1366; x_wconf 80' lang='lat' dir='ltr'>Castor</span> <span class='ocrx_word' id='word_1_100' title='bbox 520 1315 586 1365; x_wconf 80' lang='lat' dir='ltr'>sciat</span> <span class='ocrx_word' id='word_1_101' title='bbox 597 1331 633 1365; x_wconf 85' lang='lat' dir='ltr'>au</span> <span class='ocrx_word' id='word_1_102' title='bbox 645 1314 766 1364; x_wconf 89' lang='lat' dir='ltr'>Dolichos</span> <span class='ocrx_word' id='word_1_103' title='bbox 778 1311 852 1381; x_wconf 85' lang='lat' dir='ltr'>plus;</span> 
     </span>
    </p>
   </div>
   <div class='ocr_carea' id='block_1_5' title="bbox 138 1382 864 2143">
    <p class='ocr_par' dir='ltr' id='par_1_13' title="bbox 138 1382 861 1593">
     <span class='ocr_line' id='line_1_17' title="bbox 139 1382 861 1450; baseline -0.01 -11"><span class='ocrx_word' id='word_1_104' title='bbox 139 1386 244 1439; x_wconf 80' lang='lat' dir='ltr'>idisium</span> <span class='ocrx_word' id='word_1_105' title='bbox 256 1384 361 1437; x_wconf 86' lang='lat' dir='ltr'>Minuci</span> <span class='ocrx_word' id='word_1_106' title='bbox 374 1384 466 1435; x_wconf 89' lang='lat' dir='ltr'>melius</span> <span class='ocrx_word' id='word_1_107' title='bbox 479 1384 522 1434; x_wconf 81' lang='lat' dir='ltr'>vie</span> <span class='ocrx_word' id='word_1_108' title='bbox 534 1382 615 1434; x_wconf 87' lang='lat' dir='ltr'>ducat</span> <span class='ocrx_word' id='word_1_109' title='bbox 626 1400 661 1433; x_wconf 80' lang='lat' dir='ltr'>eu</span> <span class='ocrx_word' id='word_1_110' title='bbox 674 1382 752 1450; x_wconf 82' lang='lat' dir='ltr'>Appi.</span> <span class='ocrx_word' id='word_1_111' title='bbox 827 1385 861 1432; x_wconf 77' lang='lat'>20</span> 
     </span>
     <span class='ocr_line' id='line_1_18' title="bbox 138 1450 792 1522; baseline -0.008 -14"><span class='ocrx_word' id='word_1_112' title='bbox 138 1473 156 1508; x_wconf 91' lang='lat' dir='ltr'>u</span> <span class='ocrx_word' id='word_1_113' title='bbox 168 1455 294 1508; x_wconf 69' lang='lat' dir='ltr'>damnosa</span> <span class='ocrx_word' id='word_1_114' title='bbox 306 1454 403 1517; x_wconf 89' lang='lat' dir='ltr'>Venus,</span> <span class='ocrx_word' id='word_1_115' title='bbox 415 1469 493 1522; x_wconf 90' lang='lat' dir='ltr'>quem</span> <span class='ocrx_word' id='word_1_116' title='bbox 505 1469 620 1520; x_wconf 81' lang='lat' dir='ltr'>proeceps</span> <span class='ocrx_word' id='word_1_117' title='bbox 632 1450 690 1504; x_wconf 79' lang='lat' dir='ltr'>alea</span> <span class='ocrx_word' id='word_1_118' title='bbox 701 1451 792 1518; x_wconf 74' lang='lat' dir='ltr'>nudat,</span> 
     </span>
     <span class='ocr_line' id='line_1_19' title="bbox 139 1521 690 1593; baseline -0.009 -16"><span class='ocrx_word' id='word_1_119' title='bbox 139 1527 251 1593; x_wconf 69' lang='lat' dir='ltr'>laquem</span> <span class='ocrx_word' id='word_1_120' title='bbox 264 1540 342 1591; x_wconf 80' lang='lat' dir='ltr'>supra</span> <span class='ocrx_word' id='word_1_121' title='bbox 356 1522 423 1574; x_wconf 89' lang='lat' dir='ltr'>vires</span> <span class='ocrx_word' id='word_1_122' title='bbox 435 1528 462 1573; x_wconf 91' lang='lat' dir='ltr'>et</span> <span class='ocrx_word' id='word_1_123' title='bbox 474 1522 554 1573; x_wconf 78' lang='lat' dir='ltr'>vertit</span> <span class='ocrx_word' id='word_1_124' title='bbox 565 1528 593 1573; x_wconf 90' lang='lat' dir='ltr'>et</span> <span class='ocrx_word' id='word_1_125' title='bbox 605 1521 690 1589; x_wconf 84' lang='lat' dir='ltr'>ungit,</span> 
     </span>
    </p>

    <p class='ocr_par' dir='ltr' id='par_1_14' title="bbox 139 1591 742 1660">
     <span class='ocr_line' id='line_1_20' title="bbox 139 1591 742 1660; baseline -0.007 -14"><span class='ocrx_word' id='word_1_126' title='bbox 139 1611 158 1646; x_wconf 91' lang='lat' dir='ltr'>n</span> <span class='ocrx_word' id='word_1_127' title='bbox 170 1599 245 1646; x_wconf 89' lang='lat' dir='ltr'>tenet</span> <span class='ocrx_word' id='word_1_128' title='bbox 256 1592 358 1660; x_wconf 76' lang='lat' dir='ltr'>argenti</span> <span class='ocrx_word' id='word_1_129' title='bbox 371 1592 428 1643; x_wconf 89' lang='lat' dir='ltr'>sitis</span> <span class='ocrx_word' id='word_1_130' title='bbox 440 1591 591 1659; x_wconf 81' lang='lat' dir='ltr'>importune</span> <span class='ocrx_word' id='word_1_131' title='bbox 602 1592 742 1658; x_wconf 79' lang='lat' dir='ltr'>famesque,</span> 
     </span>
    </p>

    <p class='ocr_par' dir='ltr' id='par_1_15' title="bbox 139 1660 748 1730">
     <span class='ocr_line' id='line_1_21' title="bbox 139 1660 748 1730; baseline -0.005 -15"><span class='ocrx_word' id='word_1_132' title='bbox 139 1681 159 1715; x_wconf 91' lang='lat' dir='ltr'>n</span> <span class='ocrx_word' id='word_1_133' title='bbox 206 1662 334 1730; x_wconf 81' lang='lat' dir='ltr'>upertotis</span> <span class='ocrx_word' id='word_1_134' title='bbox 346 1661 430 1729; x_wconf 90' lang='lat' dir='ltr'>pudor</span> <span class='ocrx_word' id='word_1_135' title='bbox 441 1667 468 1712; x_wconf 90' lang='lat' dir='ltr'>et</span> <span class='ocrx_word' id='word_1_136' title='bbox 479 1662 551 1728; x_wconf 77' lang='lat' dir='ltr'>fuge,</span> <span class='ocrx_word' id='word_1_137' title='bbox 563 1660 636 1712; x_wconf 86' lang='lat' dir='ltr'>dives</span> <span class='ocrx_word' id='word_1_138' title='bbox 647 1662 748 1713; x_wconf 83' lang='lat' dir='ltr'>amicus</span> 
     </span>
    </p>

    <p class='ocr_par' dir='ltr' id='par_1_16' title="bbox 139 1730 711 1797">
     <span class='ocr_line' id='line_1_22' title="bbox 139 1730 711 1797; baseline -0.007 -12"><span class='ocrx_word' id='word_1_139' title='bbox 139 1749 148 1785; x_wconf 79' lang='lat' dir='ltr'>e</span> <span class='ocrx_word' id='word_1_140' title='bbox 179 1748 251 1783; x_wconf 89' lang='lat' dir='ltr'>ecem</span> <span class='ocrx_word' id='word_1_141' title='bbox 262 1730 334 1783; x_wconf 78' lang='lat' dir='ltr'>vitiis</span> <span class='ocrx_word' id='word_1_142' title='bbox 346 1730 498 1782; x_wconf 85' lang='lat' dir='ltr'>instructior</span> <span class='ocrx_word' id='word_1_143' title='bbox 504 1731 566 1781; x_wconf 90' lang='lat' dir='ltr'>odit</span> <span class='ocrx_word' id='word_1_144' title='bbox 578 1737 605 1781; x_wconf 87' lang='lat' dir='ltr'>et</span> <span class='ocrx_word' id='word_1_145' title='bbox 616 1730 711 1797; x_wconf 86' lang='lat' dir='ltr'>horret,</span> 
     </span>
    </p>

    <p class='ocr_par' dir='ltr' id='par_1_17' title="bbox 151 1799 684 1867">
     <span class='ocr_line' id='line_1_23' title="bbox 151 1799 684 1867; baseline -0.009 -13"><span class='ocrx_word' id='word_1_146' title='bbox 151 1801 174 1854; x_wconf 85' lang='lat' dir='ltr'>si</span> <span class='ocrx_word' id='word_1_147' title='bbox 185 1817 238 1852; x_wconf 89' lang='lat' dir='ltr'>non</span> <span class='ocrx_word' id='word_1_148' title='bbox 250 1800 314 1865; x_wconf 89' lang='lat' dir='ltr'>odit,</span> <span class='ocrx_word' id='word_1_149' title='bbox 325 1799 400 1867; x_wconf 81' lang='lat' dir='ltr'>regit,</span> <span class='ocrx_word' id='word_1_150' title='bbox 406 1816 437 1852; x_wconf 80' lang='lat' dir='ltr'>oc</span> <span class='ocrx_word' id='word_1_151' title='bbox 449 1799 532 1851; x_wconf 87' lang='lat' dir='ltr'>veluti</span> <span class='ocrx_word' id='word_1_152' title='bbox 544 1800 589 1867; x_wconf 82' lang='lat' dir='ltr'>pia</span> <span class='ocrx_word' id='word_1_153' title='bbox 600 1807 684 1851; x_wconf 83' lang='lat' dir='ltr'>mater</span> 
     </span>
    </p>

    <p class='ocr_par' dir='ltr' id='par_1_18' title="bbox 152 1868 757 1938">
     <span class='ocr_line' id='line_1_24' title="bbox 152 1868 757 1938; baseline -0.007 -16"><span class='ocrx_word' id='word_1_154' title='bbox 152 1886 233 1938; x_wconf 80' lang='lat' dir='ltr'>quam</span> <span class='ocrx_word' id='word_1_155' title='bbox 245 1886 271 1921; x_wconf 90' lang='lat' dir='ltr'>se</span> <span class='ocrx_word' id='word_1_156' title='bbox 284 1885 373 1937; x_wconf 83' lang='lat' dir='ltr'>sapere</span> <span class='ocrx_word' id='word_1_157' title='bbox 385 1876 412 1923; x_wconf 86' lang='lat' dir='ltr'>et</span> <span class='ocrx_word' id='word_1_158' title='bbox 423 1869 566 1921; x_wconf 86' lang='lat' dir='ltr'>virtutibus</span> <span class='ocrx_word' id='word_1_159' title='bbox 578 1886 632 1919; x_wconf 91' lang='lat' dir='ltr'>esse</span> <span class='ocrx_word' id='word_1_160' title='bbox 645 1868 757 1935; x_wconf 89' lang='lat' dir='ltr'>priorem</span> 
     </span>
    </p>

    <p class='ocr_par' dir='ltr' id='par_1_19' title="bbox 139 1937 861 2077">
     <span class='ocr_line' id='line_1_25' title="bbox 139 1937 861 2008; baseline -0.006 -15"><span class='ocrx_word' id='word_1_161' title='bbox 139 1976 148 2007; x_wconf 81' lang='lat'>,</span> <span class='ocrx_word' id='word_1_162' title='bbox 161 1949 188 1993; x_wconf 92' lang='lat' dir='ltr'>et</span> <span class='ocrx_word' id='word_1_163' title='bbox 200 1941 240 1993; x_wconf 81' lang='lat' dir='ltr'>eit</span> <span class='ocrx_word' id='word_1_164' title='bbox 251 1957 331 2008; x_wconf 85' lang='lat' dir='ltr'>prope</span> <span class='ocrx_word' id='word_1_165' title='bbox 343 1958 420 1992; x_wconf 82' lang='lat' dir='ltr'>vera:</span> <span class='ocrx_word' id='word_1_166' title='bbox 444 1941 459 1967; x_wconf 90' lang='lat'>“</span> <span class='ocrx_word' id='word_1_167' title='bbox 467 1939 533 1990; x_wconf 82' lang='lat' dir='ltr'>llleae</span> <span class='ocrx_word' id='word_1_168' title='bbox 544 1967 581 1977; x_wconf 92' lang='lat'><strong>—</strong></span> <span class='ocrx_word' id='word_1_169' title='bbox 592 1938 748 1990; x_wconf 86' lang='lat' dir='ltr'>contendere</span> <span class='ocrx_word' id='word_1_170' title='bbox 759 1937 814 1990; x_wconf 89' lang='lat' dir='ltr'>noli</span> <span class='ocrx_word' id='word_1_171' title='bbox 825 1965 861 1979; x_wconf 90' lang='lat'>-·</span> 
     </span>
     <span class='ocr_line' id='line_1_26' title="bbox 139 2007 769 2077; baseline -0.01 -16"><span class='ocrx_word' id='word_1_172' title='bbox 139 2008 226 2062; x_wconf 75' lang='lat' dir='ltr'>titiam</span> <span class='ocrx_word' id='word_1_173' title='bbox 238 2009 378 2077; x_wconf 79' lang='lat' dir='ltr'>patiuntur</span> <span class='ocrx_word' id='word_1_174' title='bbox 389 2025 465 2076; x_wconf 90' lang='lat' dir='ltr'>opes;</span> <span class='ocrx_word' id='word_1_175' title='bbox 482 2007 531 2060; x_wconf 90' lang='lat' dir='ltr'>tibi</span> <span class='ocrx_word' id='word_1_176' title='bbox 544 2013 654 2075; x_wconf 75' lang='lat' dir='ltr'>parvule</span> <span class='ocrx_word' id='word_1_177' title='bbox 665 2024 705 2056; x_wconf 88' lang='lat' dir='ltr'>res</span> <span class='ocrx_word' id='word_1_178' title='bbox 717 2016 769 2056; x_wconf 86' lang='lat' dir='ltr'>est:</span> 
     </span>
    </p>

    <p class='ocr_par' dir='ltr' id='par_1_20' title="bbox 139 2074 864 2143">
     <span class='ocr_line' id='line_1_27' title="bbox 139 2074 864 2143; baseline -0.008 -14"><span class='ocrx_word' id='word_1_179' title='bbox 139 2095 159 2131; x_wconf 75' lang='lat' dir='ltr'>n</span> <span class='ocrx_word' id='word_1_180' title='bbox 171 2077 246 2129; x_wconf 88' lang='lat' dir='ltr'>decet</span> <span class='ocrx_word' id='word_1_181' title='bbox 257 2094 350 2129; x_wconf 84' lang='lat' dir='ltr'>senum</span> <span class='ocrx_word' id='word_1_182' title='bbox 362 2078 483 2129; x_wconf 88' lang='lat' dir='ltr'>comitem</span> <span class='ocrx_word' id='word_1_183' title='bbox 494 2084 571 2143; x_wconf 79' lang='lat' dir='ltr'>toga;</span> <span class='ocrx_word' id='word_1_184' title='bbox 588 2076 677 2128; x_wconf 88' lang='lat' dir='ltr'>desine</span> <span class='ocrx_word' id='word_1_185' title='bbox 688 2090 791 2125; x_wconf 86' lang='lat' dir='ltr'>mecum</span> <span class='ocrx_word' id='word_1_186' title='bbox 829 2074 864 2123; x_wconf 82' lang='lat'>30</span> 
     </span>
    </p>
   </div>
   <div class='ocr_carea' id='block_1_6' title="bbox 139 2140 798 2281">
    <p class='ocr_par' dir='ltr' id='par_1_21' title="bbox 139 2140 798 2281">
     <span class='ocr_line' id='line_1_28' title="bbox 140 2140 798 2216; baseline -0.018 -14"><span class='ocrx_word' id='word_1_187' title='bbox 140 2148 210 2202; x_wconf 83' lang='lat' dir='ltr'>are.”</span> <span class='ocrx_word' id='word_1_188' title='bbox 245 2146 411 2216; x_wconf 75' lang='lat' dir='ltr'>Eutrapelus,</span> <span class='ocrx_word' id='word_1_189' title='bbox 423 2146 573 2214; x_wconf 89' lang='lat' dir='ltr'>cuicunque</span> <span class='ocrx_word' id='word_1_190' title='bbox 584 2161 676 2197; x_wconf 87' lang='lat' dir='ltr'>nocere</span> <span class='ocrx_word' id='word_1_191' title='bbox 687 2140 798 2205; x_wconf 80' lang='lat' dir='ltr'>volebat,</span> 
     </span>
     <span class='ocr_line' id='line_1_29' title="bbox 139 2211 735 2281; baseline -0.01 -14"><span class='ocrx_word' id='word_1_192' title='bbox 139 2216 243 2267; x_wconf 77' lang='lat' dir='ltr'>dmente</span> <span class='ocrx_word' id='word_1_193' title='bbox 255 2216 336 2265; x_wconf 82' lang='lat' dir='ltr'>debat</span> <span class='ocrx_word' id='word_1_194' title='bbox 348 2214 475 2281; x_wconf 80' lang='lat' dir='ltr'>pretiose:</span> <span class='ocrx_word' id='word_1_195' title='bbox 493 2213 586 2263; x_wconf 77' lang='lat' dir='ltr'>beatus</span> <span class='ocrx_word' id='word_1_196' title='bbox 598 2212 669 2264; x_wconf 86' lang='lat' dir='ltr'>euim</span> <span class='ocrx_word' id='word_1_197' title='bbox 677 2211 735 2277; x_wconf 77' lang='lat' dir='ltr'>jem</span> 
     </span>
    </p>
   </div>
   <div class='ocr_carea' id='block_1_7' title="bbox 139 2280 798 2765">
    <p class='ocr_par' dir='ltr' id='par_1_22' title="bbox 139 2280 798 2488">
     <span class='ocr_line' id='line_1_30' title="bbox 139 2280 798 2364; baseline -0.009 -28"><span class='ocrx_word' id='word_1_198' title='bbox 139 2304 144 2335; x_wconf 90' lang='grc' dir='ltr'><strong>ι</strong></span> <span class='ocrx_word' id='word_1_199' title='bbox 156 2282 272 2364; x_wconf 86' lang='lat' dir='ltr'>pulchris</span> <span class='ocrx_word' id='word_1_200' title='bbox 284 2282 383 2334; x_wconf 89' lang='lat' dir='ltr'>tunicis</span> <span class='ocrx_word' id='word_1_201' title='bbox 395 2286 481 2333; x_wconf 84' lang='lat' dir='ltr'>sumet</span> <span class='ocrx_word' id='word_1_202' title='bbox 493 2298 562 2333; x_wconf 82' lang='lat' dir='ltr'>nove</span> <span class='ocrx_word' id='word_1_203' title='bbox 573 2280 681 2331; x_wconf 76' lang='lat' dir='ltr'>consiliu</span> <span class='ocrx_word' id='word_1_204' title='bbox 693 2286 720 2331; x_wconf 92' lang='lat' dir='ltr'>et</span> <span class='ocrx_word' id='word_1_205' title='bbox 732 2296 798 2347; x_wconf 82' lang='lat' dir='ltr'>spes,</span> 
     </span>
     <span class='ocr_line' id='line_1_31' title="bbox 140 2350 743 2418; baseline -0.008 -13"><span class='ocrx_word' id='word_1_206' title='bbox 140 2359 197 2405; x_wconf 88' lang='lat' dir='ltr'>met</span> <span class='ocrx_word' id='word_1_207' title='bbox 208 2352 237 2403; x_wconf 91' lang='lat' dir='ltr'>in</span> <span class='ocrx_word' id='word_1_208' title='bbox 249 2352 343 2417; x_wconf 84' lang='lat' dir='ltr'>lucem,</span> <span class='ocrx_word' id='word_1_209' title='bbox 356 2358 439 2402; x_wconf 85' lang='lat' dir='ltr'>scorto</span> <span class='ocrx_word' id='word_1_210' title='bbox 452 2355 591 2418; x_wconf 89' lang='lat' dir='ltr'>postponet</span> <span class='ocrx_word' id='word_1_211' title='bbox 603 2350 743 2401; x_wconf 85' lang='lat' dir='ltr'>honestum</span> 
     </span>
     <span class='ocr_line' id='line_1_32' title="bbox 140 2418 702 2488; baseline -0.009 -15"><span class='ocrx_word' id='word_1_212' title='bbox 140 2422 209 2488; x_wconf 71' lang='lat' dir='ltr'>rium,</span> <span class='ocrx_word' id='word_1_213' title='bbox 221 2437 342 2473; x_wconf 89' lang='lat' dir='ltr'>nummos</span> <span class='ocrx_word' id='word_1_214' title='bbox 354 2420 451 2471; x_wconf 81' lang='lat' dir='ltr'>alienos</span> <span class='ocrx_word' id='word_1_215' title='bbox 464 2425 560 2487; x_wconf 78' lang='lat' dir='ltr'>pascet,</span> <span class='ocrx_word' id='word_1_216' title='bbox 573 2418 607 2470; x_wconf 77' lang='lat' dir='ltr'>ed</span> <span class='ocrx_word' id='word_1_217' title='bbox 619 2419 702 2469; x_wconf 89' lang='lat' dir='ltr'>imum</span> 
     </span>
    </p>

    <p class='ocr_par' dir='ltr' id='par_1_23' title="bbox 140 2487 755 2694">
     <span class='ocr_line' id='line_1_33' title="bbox 140 2487 755 2555; baseline -0.007 -12"><span class='ocrx_word' id='word_1_218' title='bbox 140 2508 168 2543; x_wconf 78' lang='lat' dir='ltr'>ex</span> <span class='ocrx_word' id='word_1_219' title='bbox 180 2490 230 2543; x_wconf 86' lang='lat' dir='ltr'>erit</span> <span class='ocrx_word' id='word_1_220' title='bbox 242 2495 289 2542; x_wconf 81' lang='lat' dir='ltr'>aut</span> <span class='ocrx_word' id='word_1_221' title='bbox 301 2489 401 2541; x_wconf 90' lang='lat' dir='ltr'>olitoris</span> <span class='ocrx_word' id='word_1_222' title='bbox 413 2496 474 2555; x_wconf 79' lang='lat' dir='ltr'>eget</span> <span class='ocrx_word' id='word_1_223' title='bbox 486 2488 604 2539; x_wconf 82' lang='lat' dir='ltr'>mercede</span> <span class='ocrx_word' id='word_1_224' title='bbox 617 2487 755 2539; x_wconf 76' lang='lat' dir='ltr'>cabellum</span> 
     </span>
     <span class='ocr_line' id='line_1_34' title="bbox 140 2557 751 2626; baseline -0.007 -15"><span class='ocrx_word' id='word_1_225' title='bbox 140 2576 215 2612; x_wconf 69' lang='lat' dir='ltr'>snum</span> <span class='ocrx_word' id='word_1_226' title='bbox 226 2575 311 2626; x_wconf 89' lang='lat' dir='ltr'>neque</span> <span class='ocrx_word' id='word_1_227' title='bbox 323 2564 354 2610; x_wconf 90' lang='lat' dir='ltr'>tu</span> <span class='ocrx_word' id='word_1_228' title='bbox 366 2557 522 2610; x_wconf 80' lang='lat' dir='ltr'>scrutaberis</span> <span class='ocrx_word' id='word_1_229' title='bbox 535 2557 607 2608; x_wconf 89' lang='lat' dir='ltr'>illius</span> <span class='ocrx_word' id='word_1_230' title='bbox 620 2574 735 2623; x_wconf 76' lang='lat' dir='ltr'>unquam</span> <span class='ocrx_word' id='word_1_231' title='bbox 742 2575 751 2620; x_wconf 88' lang='lat'>;</span> 
     </span>
     <span class='ocr_line' id='line_1_35' title="bbox 140 2626 688 2694; baseline -0.005 -15"><span class='ocrx_word' id='word_1_232' title='bbox 140 2628 252 2679; x_wconf 80' lang='lat' dir='ltr'>missum</span> <span class='ocrx_word' id='word_1_233' title='bbox 271 2644 304 2679; x_wconf 86' lang='lat' dir='ltr'>ue</span> <span class='ocrx_word' id='word_1_234' title='bbox 316 2635 388 2694; x_wconf 86' lang='lat' dir='ltr'>teges</span> <span class='ocrx_word' id='word_1_235' title='bbox 400 2634 427 2678; x_wconf 84' lang='lat' dir='ltr'>et</span> <span class='ocrx_word' id='word_1_236' title='bbox 439 2627 500 2677; x_wconf 85' lang='lat' dir='ltr'>vino</span> <span class='ocrx_word' id='word_1_237' title='bbox 513 2633 599 2677; x_wconf 84' lang='lat' dir='ltr'>tortus</span> <span class='ocrx_word' id='word_1_238' title='bbox 610 2634 637 2677; x_wconf 89' lang='lat' dir='ltr'>et</span> <span class='ocrx_word' id='word_1_239' title='bbox 650 2626 688 2677; x_wconf 79' lang='lat' dir='ltr'>ira</span> 
     </span>
    </p>

    <p class='ocr_par' dir='ltr' id='par_1_24' title="bbox 144 2645 751 2765">
     <span class='ocr_line' id='line_1_36' title="bbox 144 2645 751 2765; baseline -0.003 -18"><span class='ocrx_word' id='word_1_240' title='bbox 144 2704 191 2747; x_wconf 70' lang='lat' dir='ltr'>tua</span> <span class='ocrx_word' id='word_1_241' title='bbox 201 2645 324 2748; x_wconf 74' lang='lat' dir='ltr'>laudabis</span> <span class='ocrx_word' id='word_1_242' title='bbox 336 2696 427 2749; x_wconf 76' lang='lat' dir='ltr'>studio</span> <span class='ocrx_word' id='word_1_243' title='bbox 438 2702 487 2750; x_wconf 81' lang='lat' dir='ltr'>eut</span> <span class='ocrx_word' id='word_1_244' title='bbox 498 2695 588 2750; x_wconf 70' lang='lat' dir='ltr'>alieno</span> <span class='ocrx_word' id='word_1_245' title='bbox 596 2694 751 2765; x_wconf 70' lang='lat' dir='ltr'>reprendes,</span> 
     </span>
    </p>
   </div>
   <div class='ocr_carea' id='block_1_8' title="bbox 257 2783 713 2841">
    <p class='ocr_par' dir='ltr' id='par_1_25' title="bbox 257 2783 713 2841">
     <span class='ocr_line' id='line_1_37' title="bbox 257 2783 713 2841; baseline 0.02 -19"><span class='ocrx_word' id='word_1_246' title='bbox 257 2783 268 2804; x_wconf 80' lang='lat'><strong><em>⁶</em></strong></span> <span class='ocrx_word' id='word_1_247' title='bbox 279 2785 370 2837; x_wconf 71' lang='lat' dir='ltr'>timuit,</span> <span class='ocrx_word' id='word_1_248' title='bbox 380 2786 403 2826; x_wconf 89' lang='lat' dir='ltr'>d.</span> <span class='ocrx_word' id='word_1_249' title='bbox 415 2786 432 2828; x_wconf 89' lang='lat' dir='ltr'>l.</span> <span class='ocrx_word' id='word_1_250' title='bbox 442 2800 460 2828; x_wconf 88' lang='grc' dir='ltr'>ι.</span> <span class='ocrx_word' id='word_1_251' title='bbox 468 2789 563 2841; x_wconf 63' lang='lat' dir='ltr'>eaptus</span> <span class='ocrx_word' id='word_1_252' title='bbox 573 2787 713 2839; x_wconf 58' lang='lat' dir='ltr'>Proprium·</span> 
     </span>
    </p>
   </div>
   <div class='ocr_carea' id='block_1_9' title="bbox 0 0 1087 3309">
    <p class='ocr_par' dir='ltr' id='par_1_26' title="bbox 0 0 1087 3309">
     <span class='ocr_line' id='line_1_38' title="bbox 0 0 1087 3309; baseline 0 0"><span class='ocrx_word' id='word_1_253' title='bbox 0 0 1087 3309; x_wconf 95' lang='lat' dir='ltr'> </span> 
     </span>
    </p>
   </div>
  </div>
 </body>
</html>
