2159 3309
249 294 300 347 142
569 296 726 350 HORATII

243 390 351 449 Postera
362 394 411 448 lux
422 395 505 448 oritur
515 394 600 448 multo
612 395 776 462 gratissima;
793 410 904 465 namquo

243 464 345 517 Plotius
357 472 384 518 et
397 466 491 518 Varius
504 464 632 517 Sinuessae
646 465 742 532 Virgili
791 482 826 517 ue

244 534 399 600 Occurrunt,
411 534 512 602 animae,
525 533 614 602 quales
626 549 711 601 neque
723 550 772 585 can
792 533 885 586 idiores

243 603 324 656 llerra
335 603 399 655 tulit
411 619 495 671 neque
507 601 569 670 quis
579 619 622 654 me
634 603 669 653 sit
681 602 827 654 devinctior
838 602 908 657 alter

245 672 267 725 Ο
280 672 324 740 qui
337 671 488 740 complexus
499 678 527 723 et
539 671 638 738 gaudia
649 677 750 739 quanta
760 672 884 727 fueruntl

243 740 292 793 Nil
303 758 351 808 ego
362 740 518 792 contulerim
526 739 645 808 jucundo
657 757 737 792 sanus
748 740 840 793 amico.

244 808 371 861 Proxima
383 809 514 877 Campano
526 809 602 877 ponti
612 825 671 929 luae
683 808 784 874 villula,
796 815 898 861 tectum

245 876 371 943 Proebuit,
383 883 411 929 et
422 877 529 945 parochi
541 894 600 947 quae
630 877 708 930 ebent
719 877 793 945 ligna
804 878 926 947 salemon<

245 945 317 999 Hinc
328 946 395 997 muli
407 946 504 1014 capuae
515 946 627 999 clitellas
639 952 755 1014 tempore
800 953 877 1000 nunt

244 1014 344 1069 Lusum
356 1016 379 1068 it
390 1015 527 1081 Maecenas,
540 1014 684 1067 dormitum
728 1031 744 1067 o
782 1016 926 1085 irgiliusque

245 1082 365 1153 Namque
377 1084 431 1153 pila
443 1084 521 1166 lippis
533 1084 671 1136 inimicum
682 1090 709 1137 et
731 1083 811 1136 udere
824 1085 918 1138 crudis.

245 1152 318 1206 Hinc
329 1170 376 1205 nos
389 1154 488 1206 Oooceir
500 1153 595 1222 recipit
606 1152 757 1221 plenissima
768 1153 840 1221 villa,

246 1222 312 1287 Quae
325 1229 454 1291 superest
466 1222 550 1274 Caudi
561 1238 700 1290 cauponas.
735 1221 815 1274 Nunc
827 1222 894 1274 mihi
905 1240 927 1292 pt

247 1292 379 1345 Sarmenti
391 1309 487 1344 scurrae
498 1308 617 1360 pugnam
629 1290 763 1358 Messique
775 1291 896 1358 Cicirrhr,

246 1358 331 1428 Musa,
344 1361 422 1413 velim
434 1377 567 1427 memores,
580 1364 607 1412 et
619 1376 670 1426 quo
682 1367 757 1428 patre
769 1366 849 1413 natus
862 1367 926 1413 uter«

246 1430 393 1484 contulerit
405 1430 472 1483 lites.
506 1427 589 1480 Messi
601 1427 702 1480 clarum
713 1446 796 1496 genus
809 1429 884 1493 Osoi;

247 1498 378 1552 Sarmenti
390 1498 496 1550 domina
507 1503 606 1549 exstat:
624 1496 657 1550 ab
669 1496 711 1549 his
722 1497 864 1567 majoribus
876 1498 926 1551 orti

247 1566 289 1619 Ad
301 1582 420 1635 pugnam
430 1580 531 1617 renero.
567 1563 643 1615 Prior
654 1564 824 1617 Sarmentus:
842 1564 927 1633 “Equ

246 1634 310 1687 Esse
321 1636 370 1688 feri
383 1632 493 1685 similem
505 1632 587 1685 dico.”
623 1631 756 1699 Ridemus,
768 1632 863 1700 etipse

247 1703 372 1757 Messius:
391 1700 667 1769 “Accipio:”—caput
679 1707 706 1753 et
717 1708 817 1753 movet:
836 1701 887 1768 “0,
896 1708 927 1754 tu

246 1772 282 1824 Ni
293 1773 361 1824 foret
373 1775 475 1823 exsecto
488 1768 582 1836 frons‚’'
595 1770 690 1837 inquit,
702 1770 789 1890 “guid
800 1770 905 1837 faceres,
918 1790 927 1839 ς

247 1839 288 1894 Sic
301 1840 411 1892 mutilus
422 1838 552 1890 miniteris
563 1837 589 1890 l”
625 1843 661 1890 nt
672 1838 713 1890 illi
736 1838 795 1891 oeda
806 1839 919 1893 cicatrix

246 1906 364 1960 Setosam
376 1906 436 1959 laevi
448 1906 562 1958 frontem
573 1911 726 1974 turpaverat
738 1907 796 1960 oris.

246 1976 410 2045 Campanum
421 1976 450 2027 in
461 1974 589 2041 morbum,
601 1974 629 2026 in
641 1975 736 2027 faciem
780 1976 881 2030 rmulta
889 1978 927 2046 jo<

246 2042 380 2097 Pastorem
393 2044 501 2096 saltaret
513 2044 556 2096 uti
567 2043 681 2112 Cyclopa
692 2061 755 2112 roga
773 2051 815 2098 at:

246 2111 292 2163 Nil
304 2113 345 2164 illi
356 2113 430 2165 larva
442 2118 490 2165 aut
501 2112 610 2181 tragicis
621 2128 686 2181 opus
698 2130 753 2165 esse
765 2114 908 2168 cothurnis.

245 2178 334 2233 Multa
346 2182 477 2234 Cicirrhus
488 2182 523 2234 ad
535 2182 605 2234 haec:
623 2182 751 2235 Donasset
759 2184 850 2250 jamne
863 2193 927 2236 ceter

245 2246 288 2302 nx
300 2255 360 2302 voto
372 2251 478 2316 laribus,
507 2250 641 2303 uaerebatl
676 2250 765 2304 Scriba
777 2252 846 2319 quod
859 2259 927 2320 esset

244 2317 368 2371 Dcterius
380 2319 477 2371 nihilo·
489 2268 601 2371 lomina
610 2321 655 2387 jus
666 2336 728 2372 esse
765 2321 885 2388 Rogsbat

245 2386 372 2455 Denique,
386 2405 433 2440 cur
444 2406 562 2457 unquam
573 2389 692 2455 fugisset,
704 2388 748 2441 cui
760 2390 823 2442 satis
836 2407 890 2443 una

246 2455 333 2509 Farris
346 2456 413 2509 libra
423 2458 499 2524 foret,
511 2458 604 2525 gracili
616 2458 653 2509 sic
666 2465 772 2525 tamque
783 2459 898 2527 pusillol

247 2524 354 2577 Prorsus
362 2526 480 2593 jucunde
493 2543 595 2578 coenam
606 2526 778 2594 produximus
789 2528 871 2581 illam.

245 2594 387 2647 Tendimus
400 2595 462 2646 hinc
474 2602 547 2646 recta
558 2596 746 2661 Beneventum,
760 2596 805 2648 ubi
816 2598 923 2649 sedulus

247 2663 322 2715 Paene
334 2680 433 2716 macros
445 2664 509 2716 arsit
521 2663 586 2715 (lum
598 2664 688 2715 turdos
700 2671 787 2718 verset
798 2666 848 2717 ini
889 2667 911 2730 ';

239 2732 310 2787 Nam
326 2750 393 2805 vaga
403 2750 452 2807 per
463 2740 581 2788 veterem
593 2732 695 2803 (liauso
705 2733 815 2785 tiammo.
824 2752 841 2786 e
866 2736 928 2788 inan

439 2831 449 2851 ⁰
467 2826 547 2871 Nihilo
557 2824 655 2868 deterius
682 2818 858 2863 &extensiones
