2159 3309
128 2925 161 2951 h.

187 279 241 332 tls
502 284 656 338 nonam

187 383 250 436 Nec.
262 402 345 453 quum
355 386 446 438 venari
457 386 528 438 volet
540 386 592 440 ille.
604 389 727 455 poemata
739 405 845 456 purges
924 385 951 435 40

189 454 280 506 Gratia
292 456 329 507 sic
341 456 454 506 fratrum
465 457 638 522 geminomm.
650 457 808 523 Amphionis
819 471 893 526 atque

187 522 273 576 Zethi
286 524 408 591 dissiluit,
420 525 503 575 denec
514 539 634 592 suspecta
647 543 736 577 serere

188 591 320 644 sentietur
333 594 397 660 lyra
432 593 567 645 Fiatemis
578 594 683 645 oesshse
694 607 808 662 putatur

187 660 307 714 Moribus
318 663 466 730 Amphion:
484 675 516 713 tu
527 663 591 714 cede
603 664 718 730 potentis
730 665 809 716 amici

189 730 304 782 Lenibus
316 733 439 799 imperiis.
452 732 606 799 quotiesque
617 732 712 783 educet
725 733 753 783 in
765 750 842 801 agros

188 799 284 851 ,Etolis
295 811 402 852 onerata
414 800 499 868 plagis
506 803 630 867 jumenta
642 818 780 868 cenwine,

188 869 272 936 Surge
283 877 311 920 et
323 869 473 920 inhumanae
485 871 586 921 senium
599 870 699 937 depone
712 871 842 933 Camena,

188 936 279 990 Cernes
291 949 323 990 ut
335 939 432 1006 pariter
444 938 581 1006 pulmenta
594 938 725 990 laboribus
737 955 842 1009 empta;

189 1005 313 1058 llemanis
326 1008 450 1059 sollemne
462 1008 524 1058 viris
537 1025 609 1075 opus.
622 1008 687 1059 utile
699 1009 778 1060 sumre

189 1075 311 1143 Vitaeque
323 1089 350 1129 et
361 1077 491 1140 membris,
504 1078 648 1144 presertim
661 1095 743 1144 quum
755 1078 844 1130 valeas
855 1083 881 1130 et
932 1071 957 1124 ὅθ

189 1144 239 1196 Vel
250 1163 328 1197 cursu
341 1163 462 1214 superare
473 1162 565 1197 canem
578 1146 620 1197 vel
633 1146 732 1198 viribus
743 1164 840 1214 aprum

190 1213 282 1267 Possis.
317 1215 400 1280 Adde,
412 1214 499 1266 virilia
510 1215 580 1282 quod
592 1216 732 1283 speciosius
743 1233 818 1268 arm

189 1282 249 1335 h'on
261 1285 358 1353 estqui
371 1295 479 1336 tractet:
491 1285 576 1335 -scis
588 1301 640 1351 quo
652 1284 765 1337 clamore
777 1302 877 1337 coronis

190 1351 286 1406 Prrslia
297 1354 425 1406 sustineas
436 1354 607 1421 campestria;
618 1354 778 1420 -deniqne
790 1371 885 1407 aarum

189 1420 317 1475 Militiam
328 1441 393 1492 puer
404 1430 432 1474 et
444 1421 600 1474 Cantabrica
611 1421 680 1475 bella
692 1423 780 1475 tulisti

189 1490 245 1543 Sub
257 1492 331 1558 duce,
343 1493 390 1559 qui
401 1491 507 1558 templis
519 1491 677 1543 Parthorum
689 1493 765 1559 signa
776 1492 878 1560 refigit¹

189 1559 269 1614 h'une
281 1571 315 1626 et,
328 1562 349 1612 si
362 1560 426 1628 quid
438 1560 518 1625 abest,
532 1560 608 1612 Italis
620 1561 757 1628 adjudicat
768 1563 855 1614 armis

191 1631 236 1695 Ae,
247 1659 284 1669 -
294 1647 328 1682 ne
340 1637 367 1682 te
379 1629 496 1681 retrahas
508 1637 534 1681 et
547 1630 732 1682 inexcusabilis
744 1630 815 1682 absis
825 1659 868 1697 -,

191 1698 317 1762 Quamvis
328 1699 367 1750 nil
380 1707 456 1750 extra
468 1716 608 1750 numerum
619 1699 711 1750 fecisse
722 1700 881 1769 modumque

191 1767 285 1821 Glires:
304 1768 438 1820 interdum
450 1769 558 1834 nugaris
570 1785 630 1819 rure
642 1774 767 1836 patern03
938 1757 961 1813 0)

192 1836 311 1890 Partitur
323 1837 414 1889 lintres
426 1837 564 1898 exercitus,
578 1837 656 1889 Actia
667 1854 759 1905 pugna

190 1906 228 1959 'l'e
240 1909 308 1960 duce
320 1924 367 1975 per
378 1923 471 1974 pueros
484 1906 574 1957 hostili
585 1923 657 1957 more
668 1907 788 1972 refertur,

191 1976 362 2030 Adversarius
374 1982 413 2027 est
425 1975 514 2040 frater,
526 1975 599 2027 lacus
612 1976 721 2041 Hadria,
732 1976 816 2029 donec

191 2045 357 2098 Alterutrum
368 2044 445 2097 velox
458 2045 576 2096 Victoria
587 2044 679 2097 fronde
691 2052 805 2099 coronet

192 2115 342 2167 Consentire
354 2115 408 2166 suis
420 2114 514 2165 studiis
526 2113 572 2180 qui
585 2113 724 2165 crediderit
735 2121 770 2178 te,

192 2182 291 2236 Fauen
303 2193 412 2252 utroque
424 2189 502 2235 tuum
513 2182 634 2234 laudubit
646 2183 739 2250 pollice
752 2183 853 2236 ludum

192 2252 316 2304 Protinus
328 2260 360 2306 nt
372 2270 492 2304 moneam
502 2280 538 2291 -
550 2253 572 2304 si
585 2252 648 2319 quid
661 2253 797 2304 monitoris
809 2270 869 2320 eges
879 2255 908 2305 u
918 2268 952 2307 ‘r

193 2323 263 2386 Quid
275 2324 308 2374 de
320 2339 421 2390 quoque
434 2323 489 2374 viro
502 2328 528 2373 et
540 2321 584 2373 cui
596 2321 674 2385 dieas,
687 2338 756 2389 saepe
767 2322 863 2375 videto.

193 2389 404 2444 l'ercontetorem
416 2392 509 2458 fugito,
522 2408 585 2442 nam
597 2390 718 2457 garrulus
731 2390 801 2442 idem
813 2397 860 2458 est,

193 2460 248 2513 Nec
260 2462 375 2513 retinent
387 2461 486 2528 patulus
499 2460 635 2511 commissa
647 2459 759 2511 fideliter
771 2477 854 2527 aures,
938 2445 965 2500 ⁷⁰

194 2529 228 2580 Et
241 2530 320 2582 semel
333 2530 455 2581 emissum
468 2529 540 2581 volnt
552 2527 720 2580 irrevocabile
732 2528 849 2582 verbum.

191 2596 216 2650 N
219 2617 251 2651 on
265 2599 362 2650 ancilla
374 2605 450 2650 tunm
459 2600 534 2666 jecur
546 2598 645 2649 ulceret
657 2597 712 2648 ulla
724 2615 822 2664 puerve

194 2668 270 2721 Intra
281 2685 456 2720 marmoreum
468 2667 610 2718 venerandi
623 2667 703 2718 limen
715 2667 802 2733 amici,

186 2736 230 2792 Ne
242 2737 366 2793 dominus
378 2736 455 2809 pueri
466 2735 575 2807 pulchri
585 2751 684 2787 carcre
694 2735 788 2802 puelle

557 2819 565 2848 ¹
581 2822 653 2862 rotun
