2159 3309
187 271 235 322 118
496 265 649 319 HORATII

217 376 258 430 Ne
269 377 337 429 foret
349 376 461 445 aquales
473 376 543 429 inter
554 377 670 444 conviva,
682 378 768 444 magis
780 393 854 448 quem

252 446 381 513 Diligeret
392 447 486 498 mulier
498 465 546 499 sua
557 463 636 514 quam
649 453 682 499 te.
779 441 781 450 ¹

219 515 241 568 0
254 533 301 583 ego
313 533 365 566 non
377 516 450 581 felix,
463 533 542 583 quarn
555 524 584 568 tu
597 516 674 583 fugis,
688 521 718 568 ut
730 521 809 586 pavet
820 530 886 569 acres

252 586 330 652 Agna
342 585 417 653 lupos
429 602 579 654 capreaeque
591 585 677 637 leones
686 584 711 641 !”

358 751 508 805 GARMEN
527 752 676 805 nna-in
691 767 801 806 aurcos.

186 854 321 907 Honarns
334 859 475 922 tempestas
487 854 582 906 coelum
594 854 726 906 contraxit
738 859 766 907 et
777 851 871 906 imbres
960 909 1000 923 ,

221 924 350 992 Nivesque
362 923 495 976 deducunt
506 924 615 986 Jovem;
632 940 704 975 nunc
715 939 795 990 mare,
807 937 877 974 nuno
887 915 1006 974 ιίἶλ

186 992 305 1045 Threicio
318 993 447 1061 Aquilone
459 999 559 1046 sonant.
595 992 744 1060 Rapinium,
756 991 843 1058 amici,

75 1073 89 1104 ί
113 1053 150 1162 f
223 1062 389 1114 Occasionem
401 1062 433 1113 de
445 1061 495 1127 die,
508 1061 623 1127 dumque
635 1062 721 1115 viratu
733 1078 821 1128 genua

138 1129 149 1160 ⁶
170 1143 179 1163 ·'
187 1131 222 1184 Et
235 1132 315 1197 decet,
328 1132 424 1185 obduct
453 1131 568 1182 solvatur
579 1132 665 1182 fronte
677 1136 804 1202 seme-tus.

75 1167 182 1262 m&
222 1201 262 1253 Tu
274 1202 336 1253 vina
342 1149 476 1268 ffiffbto
488 1217 563 1253 move
575 1199 679 1252 consule
690 1215 779 1268 pressa
789 1215 855 1252 meo.

188 1269 279 1322 Cetera
290 1271 367 1322 mitte
378 1269 465 1337 loqui:
483 1269 555 1320 Deus
566 1269 622 1321 haec
634 1270 743 1321 fortasse
754 1265 870 1336 benigna

224 1339 340 1390 Reducet
352 1340 381 1390 iu
393 1339 479 1390 sedem
491 1339 555 1391 vices
590 1338 668 1389 Nunc
680 1343 708 1390 et
719 1336 887 1390 Achaemenio

188 1408 315 1459 Pertundi
327 1407 409 1460 nardo
417 1409 496 1475 juvat
508 1413 535 1459 et
547 1408 598 1459 fide
611 1407 734 1475 Cyllenea

224 1477 321 1529 Levare
333 1477 396 1529 diris
409 1482 513 1544 pectora
525 1475 758 1536 sollicitudinibus3

189 1545 290 1598 Nobilis
302 1552 333 1597 ut
346 1547 439 1612 grandi
451 1546 547 1598 cecinit
559 1546 705 1599 Centaurus
717 1544 839 1599 alumno:

208 1615 333 1678 “Invicte,
347 1612 463 1667 mortalis
474 1616 604 1669 Dea-nate
616 1633 681 1684 puer
693 1615 811 1682 lbetide,

189 1683 225 1737 'le
237 1690 326 1736 manet
338 1684 458 1737 Assaraci
469 1686 555 1751 tellus,
568 1703 647 1753 quam
658 1685 756 1752 frigida
767 1684 843 1754 parvi

224 1752 343 1805 Findunt
355 1752 507 1806 Scamandri
518 1754 635 1819 flumina,
648 1753 764 1806 lubricus
776 1758 804 1806 et
816 1753 999 1813 Simoifflf

190 1820 267 1874 Unde
279 1821 329 1873 tibi
340 1821 454 1875 reditum
466 1829 536 1875 certo
549 1822 694 1875 subtemine
707 1822 796 1875 Parcae

226 1891 336 1959 Rupere,
348 1908 396 1944 nec
408 1897 493 1944 mater
504 1892 611 1944 domum
623 1892 720 1944 caerula
731 1898 757 1944 te
769 1891 881 1946 revehet.

116 1992 126 2016 l
191 1960 251 2012 Illic
263 1977 339 2013 omno
349 1961 449 2013 malum
461 1961 521 2014 vino
534 1967 665 2028 cantuque
677 1961 771 2026 levato,

75 2011 182 2153 μή
192 2089 197 2100 ,
225 2030 656 2099 Deformisaegrimoniaedulcibus
668 2028 814 2105 Q?

75 2125 92 2150 1
125 2129 141 2148 ι.

331 2213 478 2267 OARMEN
496 2213 641 2267 XIV.—sn
656 2227 842 2266 uncnrsnnu.

261 2324 368 2378 Mennis
381 2325 477 2377 inertia
489 2342 535 2376 cur
548 2330 650 2377 tantam
663 2324 799 2377 diffuderit
811 2323 869 2376 imis

297 2394 460 2448 Oblivionem
472 2393 597 2458 sensibus,

263 2463 361 2515 Pocula
373 2463 490 2515 Lethaeos
503 2470 534 2513 ut
546 2464 568 2514 si
580 2463 703 2515 ducentia
716 2479 818 2514 somnos

297 2533 395 2584 Arente
407 2534 482 2583 fauce
495 2532 627 2594 traxerim,

75 2642 165 2675 W
264 2601 379 2654 Candide
392 2601 528 2666 blacenas,
542 2602 637 2652 occidis
650 2618 718 2669 saepe
729 2599 859 2668 rogando:

289 2660 376 2737 Dius,
389 2671 458 2721 Deus
471 2687 532 2722 nam
545 2687 586 2721 mc
599 2676 672 2722 vetat

75 2716 205 2825 fast
211 2756 242 2790 u
257 2741 390 2812 inceptos,
404 2740 469 2796 olim
481 2740 643 2812 promissum
653 2735 881 2801 cummanum

286 2814 333 2868 Ad
350 2815 517 2870 umbilicum
530 2811 676 2866 abducere.
