2159 3309
204 273 255 332 170
522 277 676 331 HORA'HI

201 375 316 443 Porrigis
327 375 394 427 irate
406 392 485 443 puero
497 391 580 442 quum
592 389 676 441 poma,
689 382 796 429 recuset·

203 444 219 470 “
229 442 314 511 Sume,
327 445 451 499 catelle!''
474 446 564 514 Negat
577 464 584 509 ;
602 446 624 496 si
636 462 689 497 non
702 445 755 509 des,
767 449 857 513 optet:
874 445 958 495 anser

202 512 332 566 Exclusus
344 514 391 583 qui
405 516 492 582 distat,
505 517 562 583 agit
573 517 620 568 ubi
632 534 727 581 secum,
740 522 791 582 eat,
804 534 839 569 an
849 533 905 580 nen,
927 516 966 566 mo

204 582 261 646 Quo
272 584 404 636 rediturus
416 592 472 637 eret
484 603 537 636 non
549 586 693 651 arcessitus,
706 593 733 637 et
745 585 827 638 haeret

202 650 297 703 Invisis
309 653 424 706 foribusl
443 653 520 706 “Nec
531 651 627 720 nuncl,
640 670 723 720 quum
735 671 779 705 me
791 655 868 705 vocat
878 650 947 718 ultre,

201 720 349 774 Accedaml
368 740 402 774 en
414 723 500 791 potius
512 723 623 774 mediter
635 723 710 774 linire
722 722 843 780 deleresl

202 790 342 853 Exclusit;
359 795 480 842 revecat:
499 789 622 840 redeaml
640 788 707 855 Non,
719 789 741 840 si
757 787 895 841 obseeret”
917 785 972 838 Ecce

204 858 298 912 Servus
310 876 363 910 non
375 858 463 926 paullo
476 856 617 925 sapientior
629 874 634 907 :
653 857 699 907 “0
712 855 781 920 here,
794 875 852 925 quse
864 873 902 909 res

200 925 256 977 Nec
267 926 374 977 modum
386 925 465 977 habet
477 942 561 992 neque
573 924 717 989 eonsilium,
731 925 832 977 ratione
844 924 957 991 modoque

200 994 318 1047 Tracteri
330 1011 383 1046 nen
394 994 459 1047 vult.
495 994 528 1044 In
540 1010 626 1045 amore
639 993 695 1044 haec
708 999 770 1045 sunt
782 993 860 1060 male,
871 991 962 1057 bellum,

201 1062 258 1115 Pex
270 1081 387 1116 rursum:
405 1064 460 1115 haec
473 1062 495 1113 si
507 1063 566 1129 quis
578 1062 742 1130 tempestatis
754 1079 834 1131 prope
845 1063 898 1114 ritu

200 1130 310 1184 Mobilis
322 1139 349 1184 et
361 1149 429 1185 caece
440 1131 575 1183 fluitantia
587 1138 655 1182 sorte
666 1130 766 1183 laboret

201 1200 318 1253 Reddere
330 1206 402 1253 certe
413 1201 469 1267 sibi,
482 1200 566 1251 nihile
579 1199 637 1267 plus
650 1199 772 1267 explicet,
785 1198 851 1252 acsi
931 1197 972 1250 270

200 1269 319 1322 Insanire
331 1277 405 1338 paret
417 1274 489 1321 certa
499 1268 601 1320 ratione
613 1267 767 1336 modoque.''

201 1339 278 1405 Quid,
290 1356 371 1407 quum
384 1338 487 1391 Picenis
499 1354 640 1405 excerpens
652 1338 752 1390 semine
763 1337 848 1406 pomis

201 1408 310 1473 Gaudes,
323 1408 345 1460 si
356 1424 485 1461 eameram
497 1406 612 1474 percusti
623 1406 698 1472 ferte,
710 1423 789 1473 penes
801 1413 828 1459 te
841 1405 886 1459 esi

201 1476 278 1541 Quid,
291 1493 373 1545 quum
385 1475 463 1528 balba
475 1475 537 1527 feris
549 1492 646 1527 annoso
658 1474 737 1527 verbe
748 1475 846 1543 peleto,

200 1545 358 1597 AEdifieante
370 1561 441 1597 ceses
454 1544 502 1611 qui
515 1543 618 1596 saniori
636 1543 712 1595 Adde
723 1560 841 1596 cruorem

200 1614 327 1666 Stultitiae
339 1621 418 1682 atque
429 1613 518 1680 ignem
529 1612 618 1679 gladio
627 1619 750 1665 scrutere.
776 1613 863 1680 Modo,
873 1612 970 1682 iuquam.
1001 1643 1006 1692 4

201 1683 314 1736 Hellade
326 1699 447 1751 percusse
458 1681 559 1733 Marius
572 1699 653 1750 quum
666 1681 815 1750 precipitat
827 1699 861 1749 se,
991 1701 1006 1714 ¹·

202 1752 317 1805 cerritus
329 1750 399 1803 fuist
412 1767 453 1803 ¹eu
465 1755 600 1802 commetes
612 1750 721 1802 crimine
732 1751 829 1803 mentis
1004 1803 1006 1814 ,

200 1820 325 1873 Absolres
337 1819 469 1873 hominem
481 1825 508 1871 et
519 1818 622 1871 sceleris
635 1818 771 1872 damnabis
782 1819 902 1885 eundem,
1003 1817 1006 1912 ¹

201 1889 243 1942 Ex
254 1907 326 1942 more
337 1890 473 1957 imponens
485 1894 598 1955 cognata
609 1887 737 1941 voeabula
748 1887 843 1941 rebusl
933 1883 971 1940 lt]
1003 1919 1006 1946 r

200 1957 351 2012 Libertinus
363 1963 427 2024 erat,
440 1956 485 2024 qui
498 1957 597 2008 circum
609 1956 723 2024 compita
736 1957 820 2009 siccus
1003 1955 1006 1968 '

202 2028 295 2081 Lentis
306 2041 383 2077 mane
395 2038 473 2075 senex
485 2023 606 2073 menibus
618 2023 746 2088 currebat,
758 2029 793 2087 et,
805 2023 820 2050 “
828 2021 922 2087 Unum,
930 2043 958 2059 ⁶
1004 2023 1006 2044 ²

205 2096 277 2156 Quid
285 2102 340 2147 tem
347 2089 490 2159 magnum?
508 2090 733 2156 addens—unum
740 2108 782 2143 me
790 2091 890 2159 surpite
897 2085 971 2142 morli!
1004 2101 1006 2154 j

203 2164 253 2216 Dis
265 2162 362 2215 etenim
373 2160 451 2213 facile
462 2157 524 2222 est,''
537 2158 645 2223 orabat;
662 2176 740 2211 sanus
752 2159 871 2227 utrisque

203 2227 318 2280 Auribus
330 2234 410 2296 atque
423 2226 519 2290 eculis;
535 2232 657 2291 mentem,
670 2227 722 2278 nisi
733 2227 872 2297 litigiosus,

203 2296 344 2365 Exciperet
352 2297 480 2360 deminus,
489 2313 572 2363 quum
580 2295 710 2347 venderet.
721 2297 778 2349 Hoc
786 2294 971 2367 quoquetulgl¹

204 2365 366 2433 Chrysippus
378 2366 453 2433 ponit
464 2364 579 2417 fecunda
590 2364 619 2415 in
629 2369 708 2431 gente
720 2364 837 2420 Meneni.

208 2440 223 2466 ‘⁴
233 2438 348 2506 Jupiter,
360 2437 480 2505 ingentes
492 2438 538 2506 qui
551 2438 597 2490 das
609 2437 755 2505 adimisque
768 2436 892 2505 doleres,”

208 2506 295 2559 Mater
307 2508 344 2558 eit
357 2508 431 2575 pueri
442 2524 543 2559 menses
552 2509 609 2573 jam
621 2507 737 2575 quinque
749 2506 878 2575 cubantis,

208 2576 341 2643 “Frigida
353 2577 374 2627 si
386 2593 498 2643 puerum
510 2583 640 2642 quartana
651 2576 795 2644 reliquerit,
807 2576 855 2630 illo
939 2565 976 2624 20⁰

208 2644 288 2697 Mane
300 2646 349 2710 die,
363 2662 413 2712 quo
426 2652 457 2696 tu
469 2644 563 2695 indicis
572 2646 682 2712 jejunia,
694 2645 782 2696 nudus

208 2714 243 2767 ln
257 2713 343 2768 Tiberi
355 2712 459 2768 stabit.¹'
490 2714 576 2776 ¹(lasus
587 2714 737 2768 medicusve
749 2713 845 2768 levarit

544 2801 558 2832 lt
574 2800 609 2839 Ns
619 2812 678 2839 nune
