2159 3309
341 264 393 336 1⁵8
654 258 808 311 ιιοιιιιιι

340 366 427 431 Dives,
439 364 521 433 inops,
532 364 621 414 Romae
633 380 679 415 seu
688 364 740 416 fors
752 365 791 416 ita
799 366 917 435 jusserit,
930 369 1001 421 exsul

341 436 466 503 Quisquis
478 435 527 485 erit
539 434 602 485 vita*
615 433 725 484 scribam
737 434 831 485 color.''
856 437 901 488 “0
915 457 984 506 puer,
996 457 1006 491 t

340 504 443 570 Vitalis,
456 512 543 556 metuo
555 510 583 554 et
595 505 722 571 majorum
732 521 765 555 ne
777 505 836 571 quis
848 508 948 559 amicus

340 574 446 641 Frigore
459 582 485 624 te
498 571 599 624 feriat.’'
630 575 643 598 ‘⁶
652 572 731 638 Quid,
745 590 827 640 quum
839 583 879 626 est
890 576 1006 629 Lucilius

339 641 443 694 Primus
456 643 483 693 in
496 643 567 694 hunc
580 645 663 711 operis
676 661 828 711 componere
840 648 958 700 carmina
968 665 1006 700 mc

246 707 254 725 ”
339 710 482 763 Detrahere
494 717 521 763 et
533 712 636 779 pellem,
647 712 749 763 nitidus
761 731 814 781 qua
826 715 937 783 quisque
948 734 995 785 per

339 780 454 846 (lederet,
468 781 609 832 introrsum
623 782 714 849 turpis,
726 799 791 832 num
803 782 899 835 Iaaelius
912 791 960 836 aut
972 804 1006 854 qu

341 848 428 900 Duxit
440 848 473 900 ab
485 866 607 917 oppressa
618 851 742 901 moritum
754 851 913 918 Carthagine
924 872 1006 907 nomes

339 917 449 983 Ingenio
462 917 554 969 offensi
566 926 613 970 aut
625 918 685 969 laeso
698 918 803 970 doluere
816 919 925 973 Metello

338 985 506 1054 Famosisque
519 986 593 1055 Lupo
606 993 725 1055 cooperto
737 988 871 1041 versibus?
907 990 991 1059 Atqui

338 1053 467 1107 Primores
479 1057 571 1123 populi
583 1056 695 1124 arripuit
707 1056 886 1125 populumque
898 1060 1006 1112 tributin

338 1122 444 1176 Scilicet
456 1125 502 1176 uni
516 1142 606 1193 aequus
618 1126 712 1177 virtuti
725 1132 805 1193 atque
818 1129 874 1194 ejus
886 1129 986 1182 amicis.

338 1192 408 1255 Quin
421 1193 467 1245 ubi
479 1212 506 1246 se
518 1212 534 1246 a
546 1194 626 1261 vulgo
639 1202 666 1245 ct
678 1210 755 1246 scona
767 1195 795 1245 in
808 1205 907 1247 secreta
918 1215 1006 1250 remor.

338 1260 428 1313 Virtus
441 1262 569 1331 Scipiadae
582 1270 609 1315 et
621 1262 693 1314 mitis
707 1264 836 1330 sapientia
848 1264 922 1331 Lali,

336 1329 439 1398 Nugari
451 1349 511 1383 cum
524 1331 569 1383 illo
582 1339 609 1383 et
621 1331 743 1383 discincti
755 1332 852 1398 ludere,
865 1333 948 1387 donec

336 1398 532 1467 Decoqueretur
545 1399 609 1467 olus,
619 1400 696 1452 soliti.
727 1401 860 1468 Quidquid
873 1420 931 1454 sum
944 1422 1000 1471 ego,

336 1467 411 1520 Infra
423 1469 509 1521 Lucili
523 1485 629 1521 censum
642 1469 837 1536 ingeniumque,
850 1476 939 1524 tamen
951 1490 995 1525 me

336 1536 402 1589 Cum
415 1538 517 1605 magnis
529 1538 625 1589 vixisse
638 1538 723 1590 invita
735 1538 863 1591 fatebitur
875 1558 957 1609 usque

336 1604 442 1658 Invidia
454 1614 481 1658 et
492 1606 582 1673 fragili
594 1624 712 1675 quarens
725 1607 826 1659 illidere
839 1608 946 1661 dentem

337 1674 458 1727 Offendet
470 1675 559 1739 solido,
571 1675 623 1726 nisi
636 1676 698 1742 quid
711 1681 749 1739 tu,
762 1676 837 1728 docte
850 1678 963 1745 Trebati,

337 1745 491 1801 Dissentis.'’
528 1745 680 1813 “Equidem
693 1745 760 1797 nihil
773 1746 835 1797 hinc
847 1747 999 1803 diffindere·

338 1816 390 1870 Sed
402 1823 491 1868 temen
503 1821 534 1866 ut
546 1816 661 1867 monitus
674 1832 772 1881 caveas,
785 1833 818 1867 ne
829 1816 897 1869 forte
907 1822 998 1887 negoti

339 1885 458 1938 Incutiat
470 1884 518 1935 tibi
529 1884 593 1952 quid
606 1890 757 1935 sanctarum
768 1885 874 1937 inscitia
884 1885 988 1954 legum:

339 1953 367 2008 Si
379 1954 448 2006 mala
461 1954 606 2005 condiderit
618 1954 647 2004 in
659 1970 736 2020 quom
750 1955 808 2020 quis
820 1957 943 2023 carmina,
958 1961 998 2011 'us

339 2023 360 2076 J
361 2023 555 2091 udiciumque.”
585 2024 599 2049 ‘⁶
608 2022 678 2088 Esto,
691 2021 713 2073 si
725 2023 783 2089 quis
795 2022 866 2075 mala
873 2043 880 2087 ;
897 2028 942 2077 sed
952 1977 1006 2081 bon

339 2092 360 2145 J
361 2092 437 2144 udice
449 2091 596 2144 condiderit
607 2091 730 2143 laudatus
743 2092 866 2145 Oaesarel
885 2095 907 2145 si
919 2098 978 2163 quis

341 2160 363 2213 Ο
383 2160 492 2228 probriis
504 2160 615 2229 dignum
628 2161 777 2241 latraverit,
783 2162 889 2243 integer·
896 2164 953 2233 ipse
963 2166 989 2219 l‘'

340 2228 356 2257 ‘⁴
397 2230 503 2285 iventur
513 2230 570 2282 risu
581 2230 687 2295 tabula,
699 2236 730 2282 tu
742 2247 836 2282 missus
847 2231 956 2287 abibis?

640 2409 768 2463 SATIRA
787 2409 824 2464 II.

334 2510 402 2574 Quis
414 2511 497 2563 virtus
510 2516 537 2563 et
551 2516 658 2578 quanta,
670 2510 738 2574 boni,
752 2509 786 2561 sit
798 2511 885 2562 vivere
897 2529 1006 2580 parvo:-

333 2578 388 2631 Nec
400 2598 474 2632 meus
486 2580 529 2631 hic
542 2596 625 2631 sermo
637 2586 683 2645 est,
697 2579 741 2631 scd
755 2595 812 2646 quae
825 2598 908 2647 praece
928 2583 949 2633 it
962 2583 1006 2634 ose

334 2647 465 2715 Rusticus,
478 2649 609 2701 abnormis
622 2649 724 2716 sapiens
737 2665 873 2715 crassaque
887 2600 1006 2703 liinerva

323 2716 428 2775 Discite
439 2738 496 2776 non
509 2719 582 2775 inter
592 2718 684 2773 lances
694 2733 853 2781 mensasque
861 2717 991 2779 macutes,

677 2816 686 2838 ι
702 2802 817 2852 diffingere
