2159 3309
480 202 603 265 Quantus
615 203 650 254 sit
661 203 811 254 Dossennus
823 202 942 253 edacibus

480 270 566 333 Quam
577 288 631 323 non
643 271 768 323 adstricto
780 277 915 339 percurrat
927 289 942 337 p

481 340 567 391 Gestit
579 341 649 392 enim
661 358 800 392 nummum
812 341 840 391 in
852 340 941 391 loculo:

480 408 600 474 Securus,
613 409 699 475 cadat,
711 427 744 460 an
756 415 827 461 recto
840 416 891 460 stet
903 408 940 460 fal

480 477 565 540 Quem
577 479 642 530 tulit
654 479 689 530 ad
701 495 805 530 scenam
818 486 924 529 ventoso
937 492 940 514 ¹

478 544 624 600 Exanimat
636 548 723 599 lentus
735 554 871 615 spectator,
885 547 939 597 sedr

479 615 522 668 Sic
534 616 600 684 leve,
612 617 649 668 sie
660 633 772 684 parvum
785 622 832 680 est,
844 617 939 667 animm

479 684 589 738 Subruit
602 691 649 738 aut
661 686 752 737 reficit.
788 685 883 737 Valeat
894 702 935 735 res

481 752 575 806 Palma
587 761 684 822 negata
695 771 820 817 macrum,
833 755 931 805 donata

479 822 555 891 Saepe
567 824 647 876 etiam
660 824 786 875 audacem
798 823 876 890 fugat
887 823 936 874 hoc

480 891 556 954 Quod
569 909 678 944 numero
689 893 785 961 plures,
797 893 897 944 virtute
909 898 936 943 et

480 960 586 1013 Indocti
598 962 739 1028 stolidique
751 968 779 1014 et
791 962 937 1029 depugnare

479 1028 509 1082 si
520 1030 651 1083 discordet
662 1047 749 1098 eques,
761 1031 849 1082 media
859 1032 930 1081 inter

479 1099 536 1151 Aua
549 1117 639 1151 ursum
651 1107 699 1151 aut
710 1100 828 1167 pugiles;
845 1100 887 1150 his
899 1116 936 1150 nar

480 1166 581 1220 Verum
593 1169 688 1236 equitia
701 1186 804 1236 quoque
812 1170 869 1235 jam
881 1168 936 1234 mig

480 1236 572 1289 Omnis
584 1238 618 1289 ad
630 1238 742 1289 incertos
754 1238 842 1289 oculos
854 1243 882 1289 et
893 1254 935 1303 gar

480 1305 612 1368 Quattuor
624 1313 672 1360 aut
683 1307 771 1375 plures
784 1307 868 1358 aulaea
879 1324 934 1373 pter

478 1372 551 1427 Dum
557 1376 666 1443 fugiunt
673 1376 792 1444 equitum
800 1382 893 1427 turmae
901 1393 933 1442 pe

479 1442 546 1497 Mox
557 1446 674 1497 trahitur
685 1444 807 1497 manibus
818 1462 910 1511 regum
922 1445 934 1495 f

478 1512 580 1588 Esseda
590 1517 726 1583 festinant,
738 1515 847 1595 pilenta,
858 1520 932 1595 petor
