2159 3309
179 284 213 338 78
490 280 644 334 ΗΟΒΑΤΙΙ

248 383 332 438 Nocte
345 384 470 436 sublustri
482 385 550 436 nihil
563 392 633 437 estre
645 388 740 453 precter

319 454 393 506 Vidit
405 461 432 507 et
444 456 535 507 undas.

249 523 313 586 Quae
326 524 404 576 simul
416 531 522 576 centum
536 524 625 592 tetigit
637 528 773 593 potentem

248 592 358 660 Oppidis
372 593 483 646 Creten:
502 593 516 622 “
527 593 613 658 Pater,
626 612 640 645 o
652 595 777 648 relictum

248 661 324 714 Filiae
337 678 431 712 nomen
444 663 603 730 pictasquc‚”
616 664 693 729 dixit,

319 729 397 781 Victa
407 730 511 781 furore!

248 797 348 850 “Unde
359 815 411 866 quo
423 797 503 850 venii
522 797 599 849 Levis
611 813 664 850 une
676 815 744 851 mors
755 806 797 853 est

247 861 388 931 Virginem
399 864 490 933 culpe.
526 864 680 933 vigilansne
693 866 766 933 ploro

246 931 333 1001 Turpe
346 934 519 1001 commissum,
531 951 566 986 en
578 933 650 986 vitiis
663 940 797 986 carentem

316 1002 397 1055 Ludit
408 1002 495 1071 imago

247 1069 330 1138 Vane,
343 1088 402 1140 quae
414 1079 491 1141 porto
502 1070 607 1138 fugiens
619 1071 719 1124 eburno

246 1140 382 1193 Somnium
395 1141 484 1193 ducit?
503 1140 634 1192 Meliusne
646 1140 743 1194 fluetus

246 1209 289 1262 Ire
300 1227 347 1279 per
358 1210 448 1278 longos
460 1210 521 1276 fuit,
534 1226 570 1261 en
581 1216 698 1262 recentes

316 1279 426 1348 Carpere
437 1278 530 1331 flores?

246 1346 274 1401 Si
303 1349 343 1401 uis
354 1349 482 1401 infamem
493 1347 560 1400 mihi
572 1365 643 1399 nunc
651 1349 798 1415 juvencum

245 1365 332 1470 Dedut
343 1419 425 1484 iretae,
438 1417 553 1470 lacerare
565 1418 633 1468 ferro
646 1424 673 1469 et

245 1486 377 1554 Frangere
389 1487 475 1539 enitar
487 1487 564 1538 modo
575 1486 692 1538 multum
703 1487 786 1539 emoti

315 1557 418 1608 Cornua
429 1556 546 1610 monstri.

219 1664 225 1676 .
246 1622 390 1693 Impudens
402 1625 470 1693 liqui
481 1626 580 1693 patrios
593 1624 712 1691 Penates,

75 1662 227 1822 {abac
245 1694 389 1762 Impudens
402 1694 497 1746 Orcum
509 1711 601 1747 meror.
638 1695 659 1746 0
672 1695 787 1746 Deorum

75 1788 87 1820 ν

245 1762 274 1816 Si
286 1764 343 1832 quis
355 1753 624 1829 haee'iffdsssfftii‘um
636 1763 705 1815 inter
717 1781 800 1816 errem

314 1832 341 1884 N
341 1833 395 1885 ude
406 1832 506 1885 leones!

245 1901 398 1970 Antequam
409 1902 495 1970 turpis
506 1901 603 1953 macies
615 1901 736 1953 decentes

82 1937 235 2019 Aulum
246 1971 363 2042 Occupet
374 1971 457 2024 males
469 1979 616 2040 teneraeque
629 1988 721 2044 Qffl

75 2031 155 2176 [7
173 2021 219 2139 f
244 2039 352 2093 Defluat
364 2041 465 2113 Qlae,
478 2041 594 2109 speciose
606 2057 694 2108 (putero

75 2152 80 2166 ,
132 2110 221 2178 aab
316 2109 424 2163 Pescere
437 2111 524 2178 tigres.

245 2177 314 2231 Vilis
325 2180 436 2248 Europe,
449 2187 526 2248 pater
536 2183 614 2246 urget
626 2178 733 2231 absens:

208 2275 214 2288 ι
245 2247 314 2310 Quid
327 2250 394 2300 mori
407 2249 507 2301 cessas?
544 2248 622 2300 Potes
633 2249 683 2301 huc
696 2248 730 2300 ab
742 2264 805 2301 orno

75 2293 174 2403 ξίφη
182 2289 281 2430 lage
291 2317 393 2438 ldlulupi
405 2335 471 2425 zpne
480 2317 549 2437 liperio
561 2323 588 2369 te
600 2324 712 2385 sequuta

337 2404 359 2438 ee
378 2404 420 2438 ere
450 2404 479 2439 eo
500 2404 554 2439 um

75 2399 181 2522 affl
240 2447 305 2508 'Sive
317 2461 343 2507 tc
355 2473 434 2524 rupes
446 2462 473 2508 et
485 2461 564 2508 acute
575 2454 629 2507 leto

243 2523 314 2576 Saxa
326 2524 467 2591 delectent,
480 2542 529 2592 ege
542 2531 569 2576 te
580 2523 700 2591 procellae

244 2593 324 2645 Crede
337 2593 427 2659 veloci,
440 2594 491 2645 nisi
503 2593 586 2645 herile
597 2593 681 2645 meris

314 2662 424 2730 Carpere
436 2679 556 2732 pensum,

509 2813 521 2843 '⁸
537 2815 648 2858 e-iidere
