2159 3309
169 296 220 351 182
482 299 636 352 nondun

171 415 187 439 ‘⁶
197 412 256 463 Non
269 411 338 464 dices
351 411 436 478 hodie,
450 428 573 479 quorsum
585 412 641 463 haec
652 418 710 463 tam
722 412 819 480 putida
829 409 926 472 tendant

172 479 326 533 Furciferl'’
346 481 411 533 “Ad
424 489 458 546 te,
470 482 604 548 inquam.”
627 481 708 545 “Quo
721 487 808 549 pacto,
820 476 927 549 pessincl

171 548 317 602 Fortunam
329 556 356 602 et
368 567 451 602 mores
464 551 582 617 antiquar
594 548 686 618 plebis,
698 556 725 602 et
738 549 817 617 idem,
830 546 927 619 [qando

172 621 201 673 si
213 621 272 689 quis
283 620 318 672 nd
330 620 377 673 illa
388 620 459 673 Deus
472 618 558 671 subito
570 623 597 670 te
609 623 679 685 agat,
691 634 776 685 usque
788 634 890 684 recusos,

171 689 228 742 Aut
241 690 367 758 quianon
380 689 467 755 sontis,
481 687 551 754 quod
563 687 667 752 clamas,
680 686 780 739 rectius
791 703 852 753 esse,

172 759 229 810 Aut
241 760 303 825 quia
314 775 367 809 non
378 758 469 809 firmus
480 762 582 808 rectum
594 754 712 807 defendis
725 761 753 807 et
765 755 854 823 bures,

172 826 354 895 Nequicquam
366 843 438 878 corno
450 826 557 893 cupiens
569 824 679 876 evellere
691 823 820 892 plantam

173 894 262 947 Romae
274 911 319 947 rus
331 900 412 963 optas,
425 894 560 947 absentem
571 893 684 945 rusticus
695 893 790 945 urbem

172 962 252 1016 'tollis
264 964 298 1016 ad
309 970 380 1016 astra
392 964 464 1018 levis.
498 963 527 1015 Si
538 980 576 1014 nu
607 978 668 1013 uam
680 978 707 1013 os
719 961 788 1013 forte
800 965 898 1014 vocotus

172 1033 215 1085 Ad
227 1050 335 1099 coenam,
347 1033 439 1085 laudas
451 1048 572 1084 securum
583 1047 598 1082 o
609 1047 640 1082 us
652 1046 690 1096 ac,
702 1030 777 1083 velut
789 1046 893 1099 nsqutm
911 1027 927 1078 t

172 1101 286 1154 Vinctus
298 1119 349 1168 eas,
361 1103 400 1154 ita
412 1108 438 1154 te
450 1101 553 1153 felicem
565 1100 630 1152 dicis
642 1115 774 1166 amasque,

174 1170 249 1234 Quod
261 1188 390 1239 nusquam
403 1170 451 1223 tibi
464 1170 498 1222 sit
510 1169 662 1249 potandum
697 1168 717 1220 J
717 1168 815 1221 usserit
825 1167 858 1221 od
868 1183 891 1220 st

172 1239 303 1292 Maecenas
315 1256 400 1292 serum
413 1238 461 1291 sub
473 1238 575 1290 lumina
587 1238 671 1305 prima
682 1237 772 1289 venire

172 1308 334 1361 Convivam:
354 1306 392 1356 ‘N
394 1303 478 1355 emon’
491 1302 578 1353 oleum
590 1303 656 1354 feret
668 1303 760 1354 ociusl
778 1303 872 1370 Ecquis

172 1377 258 1430 Audit
268 1375 286 1429 l’
304 1391 366 1427 cum
377 1388 473 1438 magno
487 1370 598 1422 blateras
610 1371 721 1422 clamore
733 1370 862 1440 iugisque

174 1440 293 1494 Mulvius
305 1448 332 1494 et
344 1459 437 1493 scurrae
450 1441 499 1493 tibi
511 1459 564 1494 non
575 1442 711 1494 referenda
723 1444 825 1511 precati

174 1509 326 1563 Discedunt.
362 1510 468 1562 Etenim
479 1510 564 1563 fateor
575 1528 624 1577 me,
636 1511 734 1563 dixerit
746 1512 800 1580 ille,

174 1578 243 1631 Duci
255 1586 346 1632 ventre
358 1579 448 1643 levem,
461 1596 552 1631 nasum
565 1580 655 1631 nidore
667 1581 784 1649 supinor,

175 1648 331 1713 Imbecillus,
344 1648 420 1714 iners,
433 1648 530 1716 siquid
542 1648 588 1714 ris,
600 1648 675 1714 addo,
687 1650 792 1718 popino.

174 1716 222 1783 Tu,
235 1734 317 1785 quum
329 1717 363 1768 sis
376 1717 444 1784 quod
457 1734 504 1784 ego
517 1724 544 1769 et
556 1717 672 1769 fortassis
683 1719 801 1800 nequior,
812 1719 880 1773 ultro
912 1711 927 1766 Ι

174 1785 304 1838 insectere
316 1786 390 1838 velut
401 1785 492 1838 melior
504 1786 639 1855 verbisque
651 1786 750 1839 decons

174 1854 303 1907 Obvolvas
314 1854 426 1907 vitiuml
446 1854 521 1920 Quid,
534 1855 556 1906 si
568 1872 609 1907 me
622 1855 727 1908 stultior
738 1856 795 1925 ipso

174 1924 330 1991 Quingentis
342 1929 430 1992 empto
442 1924 572 1975 drachmis
584 1925 768 1992 deprenderis?
804 1926 884 1979 Aufer

172 1992 217 2045 Me
230 1994 307 2046 vultu
319 1997 430 2057 terrero;
447 2010 555 2045 manum
568 1993 782 2062 stomachumque
793 2001 885 2062 teneto,

172 2061 250 2128 Dum,
264 2079 321 2130 quse
335 2062 446 2129 Crispini
459 2062 548 2113 docuit
559 2078 601 2113 mo
609 2062 716 2129 janitor,
728 2063 784 2117 edo.

172 2131 208 2183 Te
221 2134 316 2199 conjux
329 2131 415 2184 aliena
427 2131 504 2199 capit,
516 2131 683 2183 meretricula
695 2131 813 2187 Davum:

172 2199 267 2252 Peccat
280 2208 337 2254 uter
349 2207 466 2251 nostrum
479 2217 555 2251 cruce
567 2199 690 2265 dignius?
708 2201 783 2255 Acris
795 2201 842 2256 ubi
851 2217 889 2254 mc

171 2268 274 2321 Natura
286 2270 407 2336 intendit,
420 2268 468 2321 sub
480 2270 549 2321 clara
561 2270 633 2321 nuda
645 2269 753 2322 lucerna

173 2338 339 2407 Quaecunque
351 2339 455 2406 excepit
467 2338 596 2405 turgentis
609 2337 715 2390 vorbora
727 2339 827 2404 caudae,

172 2407 297 2459 Clunibus
310 2414 357 2460 aut
369 2408 480 2475 agitavit
493 2424 589 2475 equum
602 2407 699 2459 lascivo
711 2409 842 2478 supinum,
910 2402 927 2449 fl

170 2476 290 2529 Dimittit
302 2494 385 2544 neque
398 2479 525 2528 famosum
538 2494 622 2543 noque
635 2476 784 2544 sollicitum,
797 2495 831 2531 no

170 2545 257 2597 Ditior
268 2553 316 2597 aut
327 2547 417 2597 formae
429 2545 543 2596 melioris
555 2546 636 2596 meiat
648 2546 745 2598 eodem.

171 2614 217 2678 Tu,
231 2632 312 2683 quum
324 2614 445 2682 projectis
457 2613 610 2679 insignibus,
624 2614 722 2666 annulo
734 2616 854 2683 equestri,

171 2683 341 2751 Romanoque
353 2681 453 2747 habitu,
466 2683 553 2750 prodis
565 2700 597 2734 ex
607 2684 697 2750 judico
710 2684 796 2737 Dama

83 2779 91 2792 .
166 2751 269 2823 Turpis,
283 2753 422 2807 odoratum
433 2757 515 2821 caput
526 2751 681 2803 obscmnnte
691 2752 805 2819 lacerna,

151 2820 218 2878 Non
231 2842 268 2895 es,
284 2824 357 2898 quod
371 2822 500 2879 simulasl
519 2821 650 2874 Metuens
657 2819 795 2869 'induceris
802 2825 879 2883 suque
