2159 3309
273 266 531 321 EPISTOLARUM
551 268 574 319 Ι.
594 269 669 320 7-9.
817 259 869 313 201

133 456 307 515 EPISTOIrA
323 462 479 516 VIII.—sn
494 477 601 515 censuri
615 475 829 514 rnnrrovsruu.

113 576 176 616 mc
187 563 302 632 gaudere
314 568 342 615 et
352 561 419 615 bene
431 580 486 615 rem
498 580 588 631 gerere
600 562 765 616 Albinovano

113 631 167 685 [uss
176 639 269 701 rogata
279 632 355 697 refer,
367 633 458 685 comiti
470 632 614 700 scribesque
626 633 652 684 N
652 632 744 684 eronis.

113 702 118 751 i
129 707 235 769 queret,
243 701 309 770 quid
319 718 405 768 egam,
417 702 459 753 dic
470 701 557 753 multa
564 708 591 754 et
624 702 715 754 ulchra
726 700 873 753 minentem

113 769 183 823 ivero
194 787 243 822 nec
254 776 325 822 recte
336 786 385 822 nec
397 770 514 823 suaviter
520 788 528 834 ;
546 719 621 823 houd
630 771 693 839 quio
704 770 805 838 grando

113 837 243 892 ontudcrit
253 839 322 892 vitos
333 839 468 907 oleamque
480 840 649 892 momorderit
659 846 748 906 cestus,

113 907 143 960 'eo
154 908 218 976 quio
228 908 381 976 longinquis
392 915 543 961 armentum
554 915 663 975 aegrotet
674 908 703 961 in
714 907 800 977 egris;

113 975 140 1028 ed
150 977 212 1045 quis
223 983 312 1029 mente
323 977 410 1029 minus
422 977 525 1029 validus
537 994 618 1045 quum
629 994 734 1046 corpore
746 985 803 1030 toto

114 1043 236 1098 ilcudire
247 1046 336 1109 velim,
347 1046 386 1098 nil
398 1046 504 1112 discere,
517 1045 587 1114 quod
599 1046 669 1098 levet
681 1063 796 1115 oegrum3

113 1113 160 1166 idis
171 1113 290 1168 offendor
300 1115 416 1182 medicis,
428 1116 525 1167 iruscer
536 1115 636 1179 amicis,

113 1199 193 1236 nrme
204 1183 310 1236 funesto
323 1191 463 1253 properent
474 1202 561 1237 arcere
574 1192 695 1248 veterum
840 1187 873 1237 10

113 1267 152 1312 un
163 1269 274 1305 nocuere
286 1270 386 1322 sequor,
397 1254 500 1321 fugiam
513 1270 571 1321 quse
584 1253 685 1322 profore
697 1254 803 1306 credam
809 1272 818 1319 3

113 1337 176 1374 omre
188 1321 270 1374 Tibur
281 1339 367 1374 amem
379 1330 509 1389 ventosus,
521 1322 618 1374 Tibure
630 1322 747 1375 Romanu

113 1394 152 1443 ost
161 1390 225 1459 hsec,
236 1396 269 1443 ut
280 1391 375 1458 vulcat,
388 1409 439 1460 quo
451 1398 596 1460 pretorem
607 1397 682 1459 gerat
694 1397 721 1444 et
733 1409 768 1459 se,

113 1457 130 1511 it
154 1458 239 1514 luceat
252 1460 340 1513 ’uveni
352 1469 505 1529 percontare
516 1466 598 1528 utque
610 1461 718 1513 cohorti

113 1476 204 1593 idest,
217 1529 233 1557 “
242 1478 348 1592 docte?
360 1529 475 1595 primum
487 1529 609 1594 gaudere,
622 1525 733 1579 subinde

113 1598 252 1666 receptum
263 1596 388 1649 auriculis
399 1596 449 1648 hoc
460 1594 590 1647 instillare
601 1601 746 1647 memento:

113 1663 131 1717 tt
139 1671 168 1719 tu
178 1666 319 1733 fortunam,
330 1664 368 1718 sic
379 1681 426 1718 nos
437 1671 472 1733 te,
485 1664 565 1731 celse,
577 1664 697 1717 feremus.

163 1845 338 1900 EPISTOLA
356 1844 479 1897 lii-sn
493 1858 638 1896 ennunruu
651 1859 795 1897 unicornu.

113 1943 246 2017 dminus,
259 1947 360 2016 tioudi,
372 1947 498 2001 nimirum
509 1946 638 2015 intelligit
651 1963 727 2011 unus,
799 2012 805 2025 .

113 2016 185 2078 uenti
196 2035 238 2071 me
250 2019 347 2081 focies3
365 2035 427 2070 num
440 2034 523 2085 quum
534 2023 611 2083 rogat
623 2021 650 2067 et
661 2031 738 2083 prece
749 2016 829 2081 cogit,

113 2083 192 2140 cilicet
201 2093 234 2141 ut
246 2088 296 2140 tibi
308 2105 335 2140 se
344 2087 452 2139 laudare
464 2093 491 2139 et
504 2086 607 2138 trudere
619 2101 704 2150 coner,

113 2151 203 2220 iignum
213 2163 302 2209 mente
314 2156 442 2225 domoque
453 2154 566 2223 legentis
578 2154 688 2206 honeste
699 2151 817 2219 Neronis,

113 2219 197 2278 iuuere
208 2243 292 2294 quum
302 2226 381 2293 fungi
393 2224 519 2294 propioris
531 2229 620 2275 censet
631 2222 717 2289 amici,

113 2287 159 2350 iflid
169 2295 263 2362 possim
275 2294 348 2347 videt
359 2311 391 2346 sc
403 2294 477 2346 novit
488 2310 530 2344 me
543 2291 646 2344 valdius
658 2291 722 2360 ipso.

113 2355 177 2414 stulto
188 2363 293 2431 quidem
305 2363 369 2430 dixi,
382 2381 429 2415 cur
441 2368 581 2415 excusatus
593 2360 707 2424 abirem3

113 2421 143 2478 'td
152 2431 235 2498 timui,
245 2449 305 2485 meo
316 2450 350 2484 ne
361 2433 468 2484 finxisse
479 2431 582 2483 minora
592 2436 708 2498 putarer,

113 2493 269 2573 {inimdetor
280 2502 336 2570 opis
349 2502 467 2570 propriso,
479 2500 547 2551 mihi
559 2499 709 2551 commodus
720 2498 776 2552 uni.

113 2559 306 2646 itegomsjoris
317 2571 422 2637 fugiens
434 2569 572 2638 opprobria
583 2568 668 2637 culpae
836 2568 870 2620 10

117 2637 191 2690 tontis
201 2639 236 2691 ad
247 2638 354 2691 urbanae
367 2639 489 2692 descendi
501 2638 616 2707 praemiu
652 2637 728 2701 Quod
739 2636 763 2689 si

113 2699 130 2747 ὓ
175 2707 235 2757 'tum
245 2708 342 2760 leudes
354 2708 387 2761 ob
399 2708 480 2762 amici
489 2708 566 2779 jussu
575 2706 716 2780 pudorem,

172 2773 215 2822 cni
221 2775 316 2842 gregis
326 2778 405 2834 hunc
418 2786 445 2836 et
458 2781 565 2837 fortem
576 2779 835 2843 credendum&
