2159 3309
279 254 345 309 ΑΕΒ
362 254 520 308 ΡΟΕΤΙΟΑ.
735 252 788 305 239

137 372 141 407 ι
153 354 246 407 studiis
259 359 322 405 aetas
333 354 485 421 animusque
497 352 580 405 virilis

137 441 180 491 pes
191 430 218 475 et
230 424 366 488 amicitias,
378 422 486 475 inservit
498 422 596 486 honori,

137 509 168 543 aa
180 498 255 544 cavet
267 492 335 559 quod
347 508 407 542 mox
419 498 521 542 mutare
534 490 639 543 laboret.

137 577 193 612 nem
205 560 413 612 circumveniunt
425 560 594 624 incommoda,
607 559 648 610 vel
661 558 729 627 quod

137 636 144 679 t
155 629 270 680 inventis
281 628 358 679 miser
369 628 483 679 abstinet
495 644 525 679 ac
538 628 614 680 timet
625 629 674 694 uti,
740 628 789 681 170

148 714 188 749 res
200 714 288 748 omnes
300 697 392 748 timide
403 696 538 763 gelideque
550 697 691 764 ministrat,

137 782 174 833 spe
185 765 285 832 longus,
298 765 374 831 iners,
386 765 528 832 avidusque
539 766 632 833 futuri,

146 834 277 901 querulus,
289 834 410 886 laudator
422 833 545 900 temporis
556 834 610 885 aeti

137 946 138 958 ,
150 903 291 969 castigator
303 918 442 969 censorque
454 902 592 955 minorum.

137 977 192 1022 unt
204 972 267 1022 anni
279 971 411 1023 venientes
423 970 557 1022 commoda
569 987 670 1036 seeum3

137 1040 254 1091 cedentes
266 1040 394 1091 adimunt.
428 1038 468 1090 Ne
481 1039 548 1090 forte
560 1039 653 1092 seniles

137 1125 167 1159 ur
175 1108 268 1175 juveni
280 1115 367 1176 partes
379 1123 511 1175 pueroque
523 1106 618 1174 viriles,

137 1193 153 1227 n
165 1177 296 1243 adjunctis
308 1193 414 1244 avoque
427 1175 585 1227 morabimur
596 1176 672 1244 aptis.

137 1262 162 1296 rr
174 1262 214 1296 res
225 1245 254 1295 in
266 1246 349 1297 scenis
360 1253 408 1297 aut
419 1251 480 1296 aeta
491 1245 611 1298 refertur.

137 1314 234 1365 rritant
246 1316 345 1365 animos
358 1314 468 1365 demissa
479 1330 526 1381 per
537 1330 635 1379 aurem,
740 1317 790 1367 180

137 1398 160 1433 ,ae
173 1389 235 1434 sunt
247 1383 327 1434 oeulis
340 1382 456 1449 subJecta
468 1381 587 1433 fidelibus
600 1391 627 1434 et
638 1399 697 1450 quae

138 1451 220 1502 tradit
232 1458 375 1519 spectator:
393 1466 445 1502 non
457 1458 546 1503 tamen
558 1452 631 1502 intus

137 1520 161 1570 ri
172 1536 273 1587 promes
285 1520 314 1571 in
325 1537 428 1571 soonam
440 1519 576 1586 multaque
589 1519 664 1572 tolles

137 1605 147 1654 ι,
159 1605 217 1655 quae
228 1605 290 1639 mox
302 1595 390 1640 narret
402 1588 526 1640 facundia
537 1606 657 1656 praesens.

138 1674 150 1707 s
162 1673 248 1709 coram
260 1657 355 1725 populo
368 1657 461 1710 Medea
473 1658 593 1725 trucidet,

137 1742 188 1778 ana
199 1725 287 1844 qalam
298 1733 392 1793 eoquat
404 1732 466 1778 exta
478 1727 593 1779 nefarius
605 1727 706 1793 Atreus,

137 1810 187 1845 rem
222 1811 298 1845 roone
310 1801 434 1861 vertatur,
447 1795 560 1847 Cadmus
571 1796 600 1847 in
611 1812 731 1862 anguem

137 1879 183 1930 que
195 1863 309 1914 ostendis
321 1864 386 1914 mihi
399 1865 442 1930 sie,
455 1864 605 1916 incredulus
616 1864 667 1917 odi.

137 1948 173 1982 ror
184 1948 236 1983 neu
248 1931 283 1982 sit
295 1932 386 1999 quinto
398 1932 549 1999 productior
560 1940 622 1985 actu

137 2013 185 2067 [uae
197 1999 267 2067 posci
278 2000 338 2051 vult
349 2007 376 2051 et
388 2006 505 2068 spectata
517 2002 623 2069 reponi:
740 2004 790 2052 190

137 2086 143 2119 s
155 2069 266 2134 intersit,
279 2070 329 2120 nisi
342 2068 437 2136 dignus
449 2070 553 2121 vindice
565 2070 649 2122 nodus

138 2155 145 2199 ;
163 2154 211 2189 nee
224 2143 318 2204 quarta
328 2138 401 2205 loqui
413 2155 521 2207 persona
532 2138 639 2192 laboret.

137 2212 208 2257 artes
219 2206 313 2258 chorus
324 2207 489 2275 officiumque
501 2207 577 2259 virile

137 2308 145 2341 ,
157 2291 209 2326 neu
222 2275 285 2343 quid
297 2276 394 2327 medios
406 2276 547 2328 intercinat
558 2281 640 2339 aetus,

137 2351 292 2479 ttttttt
301 2344 660 2480 {lllllllllffifpl

138 2480 217 2532 iratos
229 2487 256 2532 et
268 2489 338 2533 amet
349 2499 442 2550 pecare
455 2488 586 2535 tumentes
593 2501 601 2546 ;

137 2565 146 2599 s
158 2548 249 2600 laudet
260 2567 355 2602 mensae
367 2551 458 2616 brevis,
471 2551 515 2603 ille
528 2552 658 2604 salubrem

137 2634 144 2667 ι
156 2616 276 2685 legesque
287 2626 315 2670 et
326 2620 423 2687 apertis
435 2619 489 2672 otia
500 2622 589 2688 portis,

137 2703 140 2731 ι
151 2686 287 2739 commissa
298 2687 417 2755 Deosque
428 2697 549 2756 precetur
560 2696 587 2741 et
599 2694 662 2757 oret,
737 2690 790 2741 200

145 2753 256 2817 meris,
268 2754 349 2812 abeat
361 2758 473 2814 fortuna
483 2758 616 2832 superous.
