2159 3309
265 280 520 337 uplsuoueuuu
539 279 561 330 Ι.
579 283 604 342 5,
622 280 646 330 6.
809 277 860 334 197

133 397 182 445 rtus
193 392 242 445 hoc
254 410 310 445 una
322 398 408 461 potest
421 392 489 458 dare,
501 391 578 443 fortis
590 389 691 442 omissis
818 390 853 440 :30

133 479 177 529 ege
188 462 296 515 deliciis.
334 462 467 513 Virtutem
480 461 559 512 verba
571 467 649 528 putas
662 465 689 510 et

133 548 162 582 lm
172 530 260 598 ligne:
279 548 344 583 euve
356 548 390 582 ne
402 538 492 599 portus
505 535 615 598 occupet
627 528 701 593 alter,

133 599 269 667 :byraticq
282 617 316 651 ne
329 599 449 667 Bithyna
460 600 568 666 negotia
580 598 689 667 perdas;

133 668 249 721 etolents
260 669 442 734 rotundeutur,
456 669 567 720 totidem
578 667 669 733 altera,
682 681 756 734 porro
769 669 797 718 et

133 738 300 790 ssuccedent
311 746 339 790 et
350 754 409 806 quae
422 755 482 806 pers
494 738 607 805 quadrat
620 751 757 789 acervum:

133 811 165 858 ee
175 824 285 859 uxorem
297 824 358 859 cum
370 806 431 858 doto
443 806 574 873 fidemque
586 813 613 858 et
625 806 722 857 amicos

133 891 189 928 enus
201 881 230 928 et
241 876 353 928 formum
365 876 457 943 regine
468 875 580 943 pecunie
592 874 680 940 donst,

133 960 175 996 ene
186 951 356 997 nummatum
368 944 473 996 decorat
486 943 601 996 Suadela
613 944 762 1011 Venusque.

133 1012 200 1082 ripiis
211 1013 327 1083 locuples
341 1019 401 1081 eget
413 1013 472 1065 oeris
484 1012 669 1081 Cappadocum
679 1029 740 1064 rex:

133 1082 192 1135 reris
204 1082 249 1136 liic
260 1090 299 1136 tu.
335 1082 492 1150 Ohlumydes
504 1081 639 1149 Lucullus,
652 1087 683 1134 ut
694 1081 779 1147 siunt,
817 1083 852 1132 40

133 1156 185 1201 eset
197 1156 306 1203 eentum
317 1168 399 1203 ecenae
409 1151 522 1219 praebere
534 1157 649 1217 rogetus,
735 1149 847 1219 [habebo

133 1217 314 1357 meet
324 1220 771 1341 littelittffffilowffil
783 1225 848 1286 ‘¹¹¹⁰‘

137 1355 206 1409 demi
218 1306 388 1425 chlsmssdum
394 1376 402 1420 ;
419 1362 522 1425 purtem
533 1356 576 1408 vel
588 1305 693 1408 tolleiet
704 1305 801 1408 oinnes

133 1441 147 1477 s
157 1426 250 1478 domus
260 1431 307 1490 est,
318 1424 365 1478 ubi
376 1443 430 1479 non
442 1432 468 1478 et
480 1424 567 1477 mults
578 1431 718 1494 supersunt

133 1495 245 1547 ominum
255 1494 354 1548 fallunt
366 1500 394 1547 et
404 1501 515 1563 prosunt
525 1492 636 1547 furibus.
672 1494 749 1562 Ergo,

133 1579 143 1614 s
154 1563 208 1616 solu
219 1569 306 1632 potest
317 1564 402 1616 fecere
415 1570 442 1617 et
454 1581 556 1616 servare
567 1563 682 1630 beatum,

134 1631 233 1700 primus
245 1639 348 1701 repetas
359 1650 431 1702 opus,
444 1632 492 1684 hoc
504 1639 651 1702 postremus
663 1632 776 1686 omittas.

133 1706 267 1753 muuetum
280 1702 377 1769 species
390 1708 417 1754 et
428 1702 515 1769 gretie
526 1708 645 1771 prestet,

133 1786 210 1822 emur
222 1787 333 1838 servum,
346 1771 392 1838 qui
404 1772 486 1823 dictet
498 1771 612 1838 nomine,
624 1771 722 1822 leovum
818 1772 852 1821 50

133 1838 225 1892 fodicet
235 1839 347 1905 letuqet
358 1846 435 1907 coget
447 1846 520 1891 trans
567 1840 649 1891 ndera
660 1840 783 1890 dextram

133 1905 138 1956 l
155 1923 205 1960 ere.
241 1906 257 1933 “
267 1907 322 1958 Hic
333 1906 450 1959 multum
461 1908 490 1958 in
500 1906 538 1959 Fe
556 1907 583 1958 is
595 1907 673 1972 velet,
682 1907 728 1959 ille
737 1906 832 1959 Velina
844 1924 851 1969 ;

133 1974 144 2026 i
175 1974 243 2028 thio
254 1975 338 2027 fasces
350 1976 424 2028 dubit
437 1975 582 2066 eripietque
595 1976 684 2027 curule

133 2044 200 2097 volet
211 2044 380 2113 importunus
392 2045 471 2098 ebur!
516 2044 616 2108 Frater,
629 2042 714 2108 Peter,
726 2042 813 2107 edde;

133 2112 206 2181 uique
218 2119 259 2165 est
270 2117 342 2179 etas,
354 2113 393 2165 its
405 2129 532 2180 quemque
544 2112 645 2164 fucetur
657 2112 762 2180 edopts.

133 2181 597 2318 {emersurum

133 2318 203 2385 ilius,
216 2319 262 2387 qui
273 2268 351 2371 ululis
363 2291 460 2388 plagast
473 2290 610 2384 venabuli,
623 2303 708 2371 servos

133 2394 207 2440 utum
218 2388 330 2440 uaneire
341 2389 428 2440 forum
440 2387 619 2457 populumque
627 2386 744 2456 jubebat,

133 2473 143 2508 s
154 2463 185 2509 ut
197 2474 212 2509 e
223 2457 316 2509 multis
327 2456 424 2526 popule
436 2474 447 2508 s
467 2463 572 2508 ectaute
583 2458 691 2508 referret
823 2459 857 2508 60

133 2531 194 2577 itum
205 2526 294 2578 mulus
306 2543 407 2594 aprum.
494 2526 521 2577 di
533 2527 680 2593 tumidique
691 2526 817 2593 levemur,

133 2593 247 2660 ldeceet
260 2595 324 2663 quid
336 2612 397 2660 nou,
409 2592 491 2661 obliti,
503 2594 596 2647 Caerite
607 2612 667 2647 cera

133 2663 158 2727 ri,
169 2664 308 2731 remigium
320 2664 443 2716 vitiosum
456 2664 603 2717 Ithacensis
615 2663 714 2731 Ulixei,

133 2732 210 2805 {otior
216 2733 309 2798 putria
320 2733 376 2787 fuit
388 2734 539 2791 interdicte.
549 2735 689 2807 uoluptuu.

133 2810 280 2852 memus
293 2803 335 2855 uti
348 2813 456 2879 censet,
469 2809 532 2865 sine
545 2825 641 2866 umore
650 2804 780 2879 {eduum
