2159 3309
305 257 356 312 192
633 268 787 322 nossru

308 363 381 417 Utile
392 362 527 432 proposuit
539 362 614 416 nobis
626 366 761 433 exemplar
774 366 880 432 Ulixen,

308 433 360 497 Qui
373 433 484 486 domitor
496 434 578 501 Trojae
591 434 733 485 multorum
746 436 871 502 providus
883 435 961 487 urbes

307 501 343 555 Et
354 520 437 555 moros
450 503 585 554 hominum
597 503 721 570 inspexit,
734 504 871 571 latumque
885 522 931 572 per
943 521 1006 572 srqut

307 570 378 623 Dum
390 571 446 637 sibi,
459 571 523 623 dum
535 571 611 623 sociis
622 571 737 623 reditum
749 579 833 640 parnt,
846 591 939 641 aspera
950 572 1006 625 muli

307 638 428 706 Pertulit,
441 640 555 692 adversis
567 657 654 691 rerum
667 640 847 692 immersabilis
861 642 948 695 undis.

308 708 431 761 Sirenum
442 725 516 761 voces
528 714 555 760 et
567 709 647 760 Circae
660 709 753 777 pocula
765 710 851 772 nosti;

308 777 373 841 Quas
385 777 407 829 si
419 794 478 829 cum
491 777 566 829 sociis
578 777 675 829 stultus
688 778 850 846 cupidusque
863 777 976 844 bibisset,

306 845 361 898 snb
373 845 478 898 domina
490 847 625 897 meretrice
637 846 729 898 fuisset
742 847 826 914 turpis
839 854 867 899 et
878 864 976 913 excors,

307 913 424 967 Vixisset
436 915 507 966 canis
519 915 671 966 immundus
683 914 725 966 vel
736 915 821 967 amico
833 915 890 968 luto
903 934 953 969 sua

306 981 360 1035 Nos
372 1000 496 1035 numerus
508 1000 597 1035 sumus
610 990 636 1035 et
647 984 736 1050 fruges
748 1000 899 1037 consumere
912 985 976 1052 nati,

306 1051 400 1120 Sponsi
412 1051 508 1104 Penolo
527 1068 556 1118 ae,
568 1051 716 1118 nebulones,
729 1051 883 1121 Alcinoique

307 1120 340 1173 In
352 1127 413 1174 cute
425 1069 542 1174 eurania
554 1121 614 1188 plus
626 1137 700 1188 ssquo
712 1128 819 1189 operata
826 1123 961 1190 juventus,

307 1190 356 1243 (lui
368 1189 510 1258 pulchrum
521 1190 574 1241 fuit
586 1190 615 1241 in
627 1190 725 1241 medios
737 1188 849 1242 dormire
863 1191 927 1254 dies.
940 1200 966 1247 et

306 1259 348 1311 Ad
361 1260 500 1327 strepitum
512 1258 621 1310 cithares
633 1265 762 1309 cessatum
773 1257 867 1311 ducere
879 1277 976 1313 curam.

306 1327 344 1381 Ut
351 1327 478 1397 jugulent
489 1327 614 1392 homines,
627 1334 739 1394 surgunt
751 1327 783 1379 de
795 1335 872 1380 nocte
883 1329 1006 1382 latrones:

306 1396 344 1450 Ut
356 1398 481 1466 teipsum
493 1413 585 1461 serves,
597 1413 650 1448 non
663 1396 866 1464 expergiscerisl
885 1398 966 1466 Atqui

305 1465 334 1519 Si
346 1466 418 1519 noles
430 1482 515 1530 sanus,
528 1482 615 1517 curres
627 1465 799 1534 hydropicum
816 1473 843 1517 st
855 1466 884 1518 ni

305 1533 399 1587 Posces
410 1541 473 1587 ante
484 1534 555 1585 diem
567 1532 663 1585 librum
675 1551 736 1585 cum
747 1533 855 1600 lumine,
869 1535 891 1587 si
903 1552 957 1588 non

306 1602 431 1656 Intendes
443 1603 562 1656 animum
574 1602 668 1654 studiis
680 1609 707 1655 et
718 1602 795 1655 rebus
807 1603 931 1672 honestis,

306 1671 412 1725 Invidia
423 1672 465 1725 vel
476 1688 563 1723 amors
575 1672 640 1739 vigil
653 1671 810 1740 torquebere
845 1672 871 1725 N
871 1690 915 1725 sm
927 1690 979 1740 cur,

306 1741 371 1805 Quis
382 1740 484 1793 laedunt
496 1740 608 1807 oculum,
619 1741 729 1792 festinas
741 1739 858 1805 domem
875 1742 898 1794 si
910 1743 972 1811 quid

304 1809 354 1863 uss
366 1810 491 1875 animum,
503 1809 591 1861 differs
603 1809 712 1861 curandi
725 1816 829 1879 tempus
840 1811 870 1863 in
881 1809 995 1864 annuml

304 1878 452 1931 Dimidium
462 1878 536 1944 facti,
549 1877 595 1945 qui
606 1879 693 1947 coepit,
705 1878 799 1942 huben
818 1896 908 1948 sapere
920 1881 999 1944 aude;

305 1947 404 2017 Incipe.
439 1947 491 2011 Qui
502 1954 573 1999 recte
584 1946 691 1999 vivendi
697 1954 824 2067 prorogat
835 1948 935 2016 horam,

305 2016 430 2069 Rusticus
442 2022 577 2085 exspectat
589 2016 653 2068 dum
664 2016 697 2068 dc
717 2022 763 2068 uat
775 2016 874 2080 amnis;
892 2025 921 2070 st
933 2017 977 2071 ille

306 2086 423 2153 Labitur,
435 2093 463 2139 et
473 2086 578 2139 labetur
589 2085 618 2135 in
630 2100 707 2135 omns
719 2082 842 2135 volubilis
854 2100 948 2137 sevum

305 2155 439 2219 Qumritur
449 2162 590 2223 argentum
601 2152 741 2221 puerisque
753 2152 831 2204 besta
842 2154 962 2206 meandi·

303 2224 384 2286 Uxor,
396 2231 424 2276 et
435 2224 545 2276 incultas
552 2232 684 2303 pacantur
695 2238 799 2272 vomere
811 2220 902 2273 silves:

302 2287 377 2350 Quod
390 2288 454 2341 satis
465 2296 505 2341 est
516 2307 561 2341 cur
572 2289 709 2357 contingit,
721 2289 789 2342 nihil
800 2291 915 2360 smplius
927 2295 1002 2361 optet.

300 2354 327 2408 N
328 2373 362 2410 on
373 2356 465 2409 domus
476 2365 504 2410 et
515 2357 621 2422 fundus,
633 2376 686 2411 non
698 2359 756 2411 seris
767 2376 876 2413 acervus
888 2369 915 2414 et
927 2360 984 2415 suri

300 2425 410 2492 AEgroto
421 2425 521 2478 domini
533 2426 644 2479 deduxit
655 2444 759 2495 corpore
770 2428 863 2496 febres,

299 2492 361 2546 lion
372 2495 459 2546 animo
471 2511 553 2547 curas
589 2495 683 2548 Valeat
695 2514 822 2565 possessor
833 2504 943 2567 oportet,

300 2561 329 2614 si
341 2563 509 2631 comportatis
519 2563 597 2615 rebus
608 2564 673 2616 bene
686 2566 785 2631 cogitet
796 2567 843 2619 nti

300 2632 352 2694 Qui
364 2632 439 2699 cupit
450 2641 498 2683 aut
509 2633 612 2694 metuit,
620 2635 699 2700 jurat
711 2634 787 2686 illum
799 2636 836 2687 sic
848 2635 942 2689 domus
953 2640 1006 2690 ein

299 2699 336 2754 Ut
346 2700 451 2771 lippum
462 2701 541 2784 pictis
554 2701 661 2768 tabulae,
669 2703 786 2755 fomenta
797 2704 948 2772 podagram,

282 2772 433 2830 miculas
444 2773 562 2830 estham
575 2773 688 2830 mlleess
699 2772 775 2825 sorte
786 2771 915 2824 uolente

76 2800 210 2952 Ῐι
