2159 3309
164 273 216 332 174
479 273 637 328 HORATII

159 374 251 427 Pressa
262 373 419 427 Venafranae
432 372 500 441 quod
512 372 592 425 bacca
603 372 704 425 remisit
715 372 799 427 oliva.

159 443 262 497 Picenis
274 444 372 496 cedunt
383 443 466 512 pomis
478 441 599 494 Tiburtia
610 459 702 505 succo;
899 442 914 494 7·

158 512 228 565 Nam
239 513 306 565 facie
335 518 452 564 raestant.
487 511 625 563 Venucula
637 511 759 564 convenit
771 511 836 577 ollis,

160 581 268 634 Rectius
280 530 410 633 Aidonem
421 581 494 632 fumo
507 580 641 631 duraveris
653 598 740 634 uvam.

159 649 238 703 Hanc
250 668 298 719 ego
310 666 370 702 cum
381 649 465 715 malis,
478 666 525 717 ego
537 649 629 701 faecem
640 649 742 717 primus
756 655 784 702 et
795 648 865 716 allec,

159 718 262 772 Primus
274 725 301 771 et
313 719 431 772 invenior
442 718 517 787 piper
528 718 618 770 album
630 735 692 770 cum
704 719 758 771 sale
769 719 844 786 nigro

159 788 294 841 Incretum
305 787 377 856 puris
390 787 603 855 circumposuisse
615 787 719 840 catillis.

159 856 278 909 Immane
290 863 329 909 est
341 856 436 909 vitium
448 855 510 907 dare
521 856 606 908 miEia
617 862 694 908 terna
704 856 816 909 macello

158 926 331 993 Angustoque
342 942 422 993 vagos
434 925 517 993 pisces
529 941 621 993 urgere
633 926 729 979 catino.

159 993 259 1062 Magna
269 1000 357 1047 movet
369 995 501 1047 stomacho
512 994 628 1060 fastidia,
640 1011 686 1046 seu
698 1011 765 1061 puer
775 993 861 1047 unctis

159 1062 293 1116 Tractat-it
306 1063 413 1115 calicem
425 1062 554 1129 manibus,
566 1063 629 1115 dum
640 1063 734 1115 furtan
745 1063 852 1132 ligurit3

159 1131 220 1184 Sive
231 1132 318 1199 gravis
330 1132 412 1185 veteri
424 1138 532 1184 cratera
545 1132 624 1183 limus
637 1132 755 1185 ndhaesit.
902 1130 914 1180 t

160 1200 262 1253 Vilibus
274 1201 302 1253 in
315 1201 406 1269 scopis,
418 1200 447 1252 in
458 1200 568 1269 mappis,
581 1201 610 1252 in
622 1200 697 1253 scobe
710 1208 826 1269 quantus

161 1269 285 1322 Consistit
297 1269 434 1339 sumptus?
470 1269 496 1322 N
497 1269 613 1337 eglectis‚
625 1270 758 1337 flagitium
769 1272 869 1339 ingens.

160 1337 222 1391 Ten’
235 1338 334 1420 lapides
346 1339 430 1391 varios
442 1338 575 1390 lutulenta
585 1339 676 1391 radere
688 1340 784 1408 palma,

159 1406 196 1459 Et
208 1407 298 1476 'Pyrrae
310 1408 372 1461 dare
384 1408 481 1459 circum
493 1407 569 1459 illota
580 1408 674 1460 toralia
685 1415 777 1475 vestes,

161 1476 285 1544 Oblitum‚
298 1476 399 1545 quanto'
409 1493 497 1528 curam
510 1482 695 1545 sumptumque
707 1478 835 1531 minorem

161 1542 226 1598 Haec
238 1544 359 1611 habeant,
371 1551 446 1598 tanto
458 1545 613 1613 reprehendi
621 1547 720 1613 justius
732 1547 793 1615 illis,

161 1613 225 1677 Ques
237 1614 289 1665 nisi
301 1613 426 1666 divitibus
438 1620 571 1693 nequeant
583 1616 733 1683 contingere
744 1610 875 1669 mensisi”

163 1682 267 1734 “Docte
277 1680 342 1747 eati,
355 1696 401 1747 per
413 1678 557 1734 amicitiam
569 1682 702 1750 Divosque
713 1691 826 1752 rogatus,

161 1744 262 1800 Ducere
274 1764 316 1799 me
328 1746 458 1813 auditum,
470 1763 562 1815 perges
573 1762 736 1815 quocunque,
748 1760 882 1800 memento.

161 1814 231 1868 Nem
242 1815 360 1884 quamvis
372 1816 479 1867 memori
491 1816 587 1868 referas
599 1815 665 1867 mihi
678 1822 782 1885 pectore
794 1825 893 1881 cuncta,
908 1816 914 1863 ί

161 1883 221 1937 Non
233 1890 322 1938 tamen
334 1884 461 1953 interpres
473 1884 631 1937 tantundem
639 1886 746 1951 juveris.
782 1886 857 1938 Adde

162 1953 274 2006 Vultum
285 1953 457 2021 habitumque
468 1953 588 2018 hominis,
601 1970 680 2021 quem
692 1960 723 2006 tu
734 1954 830 2007 vidisse
842 1954 913 2006 beatu

161 2020 222 2075 Non
233 2022 323 2091 magni
335 2023 434 2091 pendis,
447 2023 509 2091 quia
521 2022 648 2090 contigit3
666 2028 694 2075 at
705 2024 773 2075 mihi
785 2041 846 2077 cura

162 2089 222 2143 Non
233 2092 369 2144 mediocris
380 2092 456 2158 inest,
468 2092 554 2144 fontes
567 2097 599 2143 ut
611 2092 682 2143 odire
694 2099 806 2145 remotos

162 2158 250 2229 Atque
260 2160 365 2214 haurire
378 2178 471 2230 queam
483 2160 546 2214 vitae
557 2168 690 2229 praecepta
701 2159 810 2216 beatae.’'

467 2342 596 2397 sarius
614 2344 645 2397 V.

166 2442 181 2471 “
190 2443 250 2496 Hoo
262 2461 372 2514 quoque,
384 2444 489 2510 Tiresia,
502 2450 598 2514 praeter
608 2448 715 2498 narrata
726 2445 830 2514 petenti

166 2511 309 2581 Responde,
322 2515 416 2583 quibus
428 2515 534 2567 amissas
546 2531 574 2566 re
593 2531 666 2566 arare
678 2532 772 2581 queam
783 2533 824 2568 res

165 2582 272 2635 Artibus
284 2590 364 2651 atque
373 2583 464 2637 modis.
472 2613 507 2622 —
516 2532 592 2647 Quid
597 2584 666 2635 rides
678 2583 756 2636 i''-“
764 2585 861 2638 Jamne
869 2580 914 2636 dol«

165 2651 224 2703 Nou
237 2653 299 2704 satis
312 2659 351 2706 est
363 2653 483 2705 ithacam
495 2652 584 2705 revehi
596 2654 746 2721 patriosque
758 2660 867 2722 penates

161 2719 304 2792 Adspicere
314 2721 340 2778 ν’
370 2722 416 2778 “0
428 2721 498 2776 nulli
509 2721 656 2793 quidquam
665 2724 786 2791 mentite,
797 2724 876 2790 vides,
887 2724 914 2775 ut

522 2821 536 2845 u
553 2810 623 2851 iruste.
