2159 3309
77 346 149 403 ‘st
162 372 195 422 ιο
479 321 633 425 nuairrr
649 323 676 352 a
821 321 831 337 ’
878 314 903 339 h
929 332 933 344 ⁸

160 476 206 530 Nil
218 477 410 548 desperandum
422 480 520 532 Teucro
532 480 599 533 duce
611 486 638 533 et
650 481 756 550 auspice
768 480 869 535 Teucro
874 498 885 545 3

230 547 321 601 Certus
334 550 403 601 enim
416 550 535 617 promisit
546 550 649 618 Apollo,

123 631 144 725 κ
159 614 319 690 Ambiguam
330 618 425 670 tellure
437 636 505 670 nova
517 617 651 671 Salamina
662 619 786 671 futuram

229 684 343 740 Ofortes
354 689 493 755 pejoraque
505 688 576 755 passi
911 694 933 746 3t

158 751 265 808 Mecum
277 772 345 824 sape
357 756 415 817 viri,
427 773 498 808 nunc
511 756 572 809 rino
584 755 675 824 pellite
687 774 779 822 curas3

228 824 290 877 Grae
301 824 395 893 ingens
406 825 561 878 iterabimus
572 824 684 893 aequcr.''

329 1016 478 1072 cARMnN
495 1018 646 1073 vna-n>
659 1035 776 1074 nrnrnu.

157 1125 258 1193 Irrnrn,
270 1126 320 1195 dic,
332 1145 379 1197 per
390 1146 479 1182 omnes

227 1196 263 1249 Te
275 1197 342 1251 Deos
354 1215 405 1267 oro,
418 1198 530 1268 Sybarin
542 1216 588 1251 cur
600 1216 721 1268 properes
733 1199 846 1251 amando

159 1263 284 1330 Perdere;
302 1283 349 1319 cur
360 1268 479 1337 apricum
920 1301 923 1308 ·

227 1335 318 1390 oderit
330 1354 459 1407 campum,
472 1337 576 1407 patiens
588 1336 704 1406 pulveris
715 1343 796 1405 atque
808 1337 891 1393 solist

158 1404 210 1456 Cur
221 1422 307 1473 neque
318 1406 440 1459 militaris

226 1473 302 1528 Inter
313 1476 425 1545 aquales
438 1476 558 1544 equitat¹,
572 1474 673 1527 Gallica
684 1491 733 1527 nec
744 1474 845 1544 lupatis

156 1542 306 1611 Temperat!
318 1563 363 1598 cra
375 1544 472 1597 frenis?

76 1645 113 1667 m
126 1639 187 1667 m,
225 1612 278 1666 Our
289 1613 366 1667 timet
377 1614 476 1667 flavum
488 1612 602 1665 Tiberim
614 1612 742 1681 tangeret
760 1612 813 1665 Cur
825 1613 932 1671 olivum

155 1679 289 1750 Sanguine
300 1682 418 1753 viperino
832 1678 889 1692 ‘'¹''

226 1752 335 1805 Cautius
347 1752 415 1805 vitat
427 1768 512 1819 neque
519 1751 578 1819 jam
589 1749 672 1804 livida
683 1756 770 1819 gestat
782 1752 862 1805 armis
914 1759 933 1809 1Ι

130 1845 135 1852 ·
155 1820 274 1886 Brachia,
288 1838 356 1889 sape
368 1820 446 1888 disco,

225 1889 299 1959 Saepe
310 1895 384 1943 trans
395 1889 474 1941 finem
483 1888 573 1959 jaculo
585 1888 679 1942 nobilis
691 1889 831 1959 expeditot

156 1958 225 2023 Quid
237 1959 312 2027 latet,
324 1964 354 2011 ut
366 1958 474 2010 marinae
524 2000 526 2005 .

224 2028 323 2080 Filium
335 2027 429 2080 dicunt
441 2026 560 2081 Thetidis
572 2027 621 2081 sub
632 2028 770 2081 lacrimosa
781 2028 865 2097 Trojae

154 2095 267 2163 Funera,
278 2114 312 2149 ne
323 2095 407 2149 virilis

224 2166 317 2220 Cultus
329 2166 358 2218 in
370 2166 467 2219 cadem
479 2171 506 2219 et
518 2166 611 2236 Lycias
624 2165 769 2236 proriperet
782 2168 922 2223 catervas?

292 2355 440 2412 OARMEN
458 2357 577 2412 IX.—nn
590 2372 807 2412 rnsnrsscnuu.

222 2463 319 2529 ans,
330 2469 362 2516 ut
373 2463 429 2516 alta
441 2469 492 2516 stet
504 2465 565 2516 nive
578 2462 721 2516 candidum

221 2532 333 2599 Soracte,
345 2550 393 2586 nec
402 2536 459 2601 jam
472 2535 621 2585 sustineant
633 2549 699 2584 onus

255 2600 333 2655 Silvae
346 2602 500 2665 laborant-ca,
513 2601 627 2668 geluque

289 2670 414 2723 Flumina
426 2669 591 2723 constiterint
603 2674 689 2723 acuto.

219 2739 337 2792 Dissolve
348 2742 440 2807 frigus,
453 2739 526 2805 ligna
538 2755 616 2805 super
628 2738 685 2791 foco

219 2808 303 2878 Larga
315 2826 449 2878 reponens,
461 2814 542 2875 atque
554 2807 694 2875 benignius

315 2902 414 2961 ‘equitet
641 2900 648 2927 ⁸
663 2910 771 2957 Temperat
