<?xml version="1.0" encoding="UTF-8"?>
<!DOCTYPE html PUBLIC "-//W3C//DTD XHTML 1.0 Transitional//EN"
    "http://www.w3.org/TR/xhtml1/DTD/xhtml1-transitional.dtd">
<html xmlns="http://www.w3.org/1999/xhtml" xml:lang="en" lang="en">
 <head>
  <title>
</title>
<meta http-equiv="Content-Type" content="text/html;charset=utf-8" />
  <meta name='ocr-system' content='tesseract 3.04.00' />
  <meta name='ocr-capabilities' content='ocr_page ocr_carea ocr_par ocr_line ocrx_word'/>
</head>
<body>
  <div class='ocr_page' id='page_1' title='image "./qhoratiiflaccio01flacgoog_0185.png"; bbox 0 0 2159 3309; ppageno 0'>
   <div class='ocr_carea' id='block_1_1' title="bbox 157 292 729 359">
    <p class='ocr_par' dir='ltr' id='par_1_1' title="bbox 157 292 729 359">
     <span class='ocr_line' id='line_1_1' title="bbox 157 292 729 359; baseline 0.005 -14"><span class='ocrx_word' id='word_1_1' title='bbox 157 292 368 346; x_wconf 69' lang='lat' dir='ltr'>malannum</span> <span class='ocrx_word' id='word_1_2' title='bbox 387 292 426 343; x_wconf 94' lang='lat' dir='ltr'>II.</span> <span class='ocrx_word' id='word_1_3' title='bbox 446 296 470 359; x_wconf 62' lang='grc' dir='ltr'>ἲ,</span> <span class='ocrx_word' id='word_1_4' title='bbox 488 295 513 344; x_wconf 86' lang='grc'>3.</span> <span class='ocrx_word' id='word_1_5' title='bbox 678 295 729 349; x_wconf 87' lang='grc'>163</span> 
     </span>
    </p>
   </div>
   <div class='ocr_carea' id='block_1_2' title="bbox 109 393 614 534">
    <p class='ocr_par' dir='ltr' id='par_1_2' title="bbox 109 393 614 534">
     <span class='ocr_line' id='line_1_2' title="bbox 109 393 466 463; baseline 0.011 -20"><span class='ocrx_word' id='word_1_6' title='bbox 109 409 112 443; x_wconf 88' lang='grc' dir='ltr'>ι</span> <span class='ocrx_word' id='word_1_7' title='bbox 124 393 209 461; x_wconf 89' lang='lat' dir='ltr'>paries</span> <span class='ocrx_word' id='word_1_8' title='bbox 221 393 271 446; x_wconf 81' lang='lat' dir='ltr'>Dis</span> <span class='ocrx_word' id='word_1_9' title='bbox 283 399 362 461; x_wconf 86' lang='lat' dir='ltr'>atque</span> <span class='ocrx_word' id='word_1_10' title='bbox 374 396 466 463; x_wconf 89' lang='lat' dir='ltr'>po&#39;etis.</span> 
     </span>
     <span class='ocr_line' id='line_1_3' title="bbox 109 464 614 534; baseline 0.012 -22"><span class='ocrx_word' id='word_1_11' title='bbox 109 479 127 513; x_wconf 79' lang='lat' dir='ltr'>is</span> <span class='ocrx_word' id='word_1_12' title='bbox 139 468 195 514; x_wconf 85' lang='lat' dir='ltr'>erat</span> <span class='ocrx_word' id='word_1_13' title='bbox 207 464 292 516; x_wconf 88' lang='lat' dir='ltr'>multa</span> <span class='ocrx_word' id='word_1_14' title='bbox 304 472 331 515; x_wconf 90' lang='lat' dir='ltr'>et</span> <span class='ocrx_word' id='word_1_15' title='bbox 343 465 468 532; x_wconf 85' lang='lat' dir='ltr'>praeclara</span> <span class='ocrx_word' id='word_1_16' title='bbox 479 466 614 534; x_wconf 87' lang='lat' dir='ltr'>minantis,</span> 
     </span>
    </p>
   </div>
   <div class='ocr_carea' id='block_1_3' title="bbox 109 532 732 2800">
    <p class='ocr_par' dir='ltr' id='par_1_3' title="bbox 109 532 729 736">
     <span class='ocr_line' id='line_1_4' title="bbox 109 532 729 600; baseline 0.01 -17"><span class='ocrx_word' id='word_1_17' title='bbox 109 532 196 599; x_wconf 89' lang='lat' dir='ltr'>tepido</span> <span class='ocrx_word' id='word_1_18' title='bbox 208 534 316 600; x_wconf 78' lang='lat' dir='ltr'>cepisset</span> <span class='ocrx_word' id='word_1_19' title='bbox 328 534 421 585; x_wconf 83' lang='lat' dir='ltr'>villula</span> <span class='ocrx_word' id='word_1_20' title='bbox 433 547 509 587; x_wconf 80' lang='lat' dir='ltr'>tecto.</span> <span class='ocrx_word' id='word_1_21' title='bbox 696 540 729 589; x_wconf 90' lang='grc'>10</span> 
     </span>
     <span class='ocr_line' id='line_1_5' title="bbox 109 600 608 669; baseline 0.01 -19"><span class='ocrx_word' id='word_1_22' title='bbox 109 600 212 652; x_wconf 75' lang='lat' dir='ltr'>ertinuit</span> <span class='ocrx_word' id='word_1_23' title='bbox 224 602 320 669; x_wconf 88' lang='lat' dir='ltr'>stipare</span> <span class='ocrx_word' id='word_1_24' title='bbox 332 602 444 654; x_wconf 76' lang='lat' dir='ltr'>Platona</span> <span class='ocrx_word' id='word_1_25' title='bbox 455 604 608 668; x_wconf 83' lang='lat' dir='ltr'><strong>Menandro,</strong></span> 
     </span>
     <span class='ocr_line' id='line_1_6' title="bbox 109 669 625 736; baseline 0.014 -16"><span class='ocrx_word' id='word_1_26' title='bbox 109 669 267 736; x_wconf 68' lang='lat' dir='ltr'>’chilochum</span> <span class='ocrx_word' id='word_1_27' title='bbox 280 672 385 723; x_wconf 77' lang='lat' dir='ltr'>comites</span> <span class='ocrx_word' id='word_1_28' title='bbox 398 672 506 724; x_wconf 85' lang='lat' dir='ltr'>educere</span> <span class='ocrx_word' id='word_1_29' title='bbox 519 673 625 727; x_wconf 83' lang='lat' dir='ltr'>tantosl</span> 
     </span>
    </p>

    <p class='ocr_par' dir='ltr' id='par_1_4' title="bbox 109 741 506 806">
     <span class='ocr_line' id='line_1_7' title="bbox 109 741 506 806; baseline 0.008 -16"><span class='ocrx_word' id='word_1_30' title='bbox 109 741 188 790; x_wconf 77' lang='lat' dir='ltr'>&#39;acore</span> <span class='ocrx_word' id='word_1_31' title='bbox 200 756 275 806; x_wconf 86' lang='lat' dir='ltr'>paras</span> <span class='ocrx_word' id='word_1_32' title='bbox 288 741 386 792; x_wconf 85' lang='lat' dir='ltr'>virtute</span> <span class='ocrx_word' id='word_1_33' title='bbox 398 741 490 793; x_wconf 90' lang='lat' dir='ltr'>relicta</span> <span class='ocrx_word' id='word_1_34' title='bbox 496 746 506 793; x_wconf 84' lang='lat' dir='ltr'>l</span> 
     </span>
    </p>

    <p class='ocr_par' dir='ltr' id='par_1_5' title="bbox 109 808 610 878">
     <span class='ocr_line' id='line_1_8' title="bbox 109 808 610 878; baseline 0.012 -20"><span class='ocrx_word' id='word_1_35' title='bbox 109 834 111 851; x_wconf 80' lang='grc' dir='ltr'>ι</span> <span class='ocrx_word' id='word_1_36' title='bbox 122 808 215 871; x_wconf 90' lang='lat' dir='ltr'>miser;</span> <span class='ocrx_word' id='word_1_37' title='bbox 233 809 342 861; x_wconf 89' lang='lat' dir='ltr'>vitanda</span> <span class='ocrx_word' id='word_1_38' title='bbox 353 817 393 860; x_wconf 88' lang='lat' dir='ltr'>est</span> <span class='ocrx_word' id='word_1_39' title='bbox 404 811 522 878; x_wconf 90' lang='lat' dir='ltr'>improba</span> <span class='ocrx_word' id='word_1_40' title='bbox 534 810 610 864; x_wconf 83' lang='lat' dir='ltr'>Siren</span> 
     </span>
    </p>

    <p class='ocr_par' dir='ltr' id='par_1_6' title="bbox 109 877 556 947">
     <span class='ocr_line' id='line_1_9' title="bbox 109 877 556 947; baseline 0.016 -22"><span class='ocrx_word' id='word_1_41' title='bbox 109 894 113 925; x_wconf 72' lang='lat'><em>2</em></span> <span class='ocrx_word' id='word_1_42' title='bbox 124 877 252 945; x_wconf 88' lang='lat' dir='ltr'>quidquid</span> <span class='ocrx_word' id='word_1_43' title='bbox 265 879 321 930; x_wconf 85' lang='lat' dir='ltr'>vita</span> <span class='ocrx_word' id='word_1_44' title='bbox 332 878 438 930; x_wconf 88' lang='lat' dir='ltr'>meliore</span> <span class='ocrx_word' id='word_1_45' title='bbox 450 881 556 947; x_wconf 87' lang='lat' dir='ltr'>parasti,</span> 
     </span>
    </p>

    <p class='ocr_par' dir='ltr' id='par_1_7' title="bbox 109 946 732 1069">
     <span class='ocr_line' id='line_1_10' title="bbox 109 946 732 1018; baseline 0.008 -21"><span class='ocrx_word' id='word_1_46' title='bbox 109 961 182 1013; x_wconf 86' lang='lat' dir='ltr'>aequo</span> <span class='ocrx_word' id='word_1_47' title='bbox 194 946 308 997; x_wconf 89' lang='lat' dir='ltr'>animo.&#39;&#39;</span> <span class='ocrx_word' id='word_1_48' title='bbox 327 947 383 996; x_wconf 88' lang='lat' dir='ltr'>“Di</span> <span class='ocrx_word' id='word_1_49' title='bbox 398 952 431 1009; x_wconf 87' lang='lat' dir='ltr'>te,</span> <span class='ocrx_word' id='word_1_50' title='bbox 442 948 608 1017; x_wconf 77' lang='lat' dir='ltr'>Damasippo,</span> <span class='ocrx_word' id='word_1_51' title='bbox 617 948 732 1018; x_wconf 83' lang='lat' dir='ltr'>Deoeque</span> 
     </span>
     <span class='ocr_line' id='line_1_11' title="bbox 110 1014 639 1069; baseline 0.004 -2"><span class='ocrx_word' id='word_1_52' title='bbox 110 1014 233 1067; x_wconf 82' lang='lat' dir='ltr'>cnsilium</span> <span class='ocrx_word' id='word_1_53' title='bbox 246 1014 344 1066; x_wconf 88' lang='lat' dir='ltr'>donent</span> <span class='ocrx_word' id='word_1_54' title='bbox 357 1020 466 1067; x_wconf 81' lang='lat' dir='ltr'><strong>tonsore.</strong></span> <span class='ocrx_word' id='word_1_55' title='bbox 503 1016 556 1069; x_wconf 84' lang='lat' dir='ltr'>sed</span> <span class='ocrx_word' id='word_1_56' title='bbox 567 1018 639 1069; x_wconf 87' lang='lat' dir='ltr'>unde</span> 
     </span>
    </p>

    <p class='ocr_par' dir='ltr' id='par_1_8' title="bbox 110 1082 730 1215">
     <span class='ocr_line' id='line_1_12' title="bbox 110 1082 730 1149; baseline 0.006 -17"><span class='ocrx_word' id='word_1_57' title='bbox 110 1099 127 1133; x_wconf 65' lang='lat' dir='ltr'>,e</span> <span class='ocrx_word' id='word_1_58' title='bbox 134 1083 203 1134; x_wconf 89' lang='lat' dir='ltr'>nosti</span> <span class='ocrx_word' id='word_1_59' title='bbox 210 1082 237 1136; x_wconf 86' lang='lat' dir='ltr'>l&#39;&#39;</span> <span class='ocrx_word' id='word_1_60' title='bbox 256 1083 415 1149; x_wconf 87' lang='lat' dir='ltr'>“Postquam</span> <span class='ocrx_word' id='word_1_61' title='bbox 422 1084 506 1135; x_wconf 90' lang='lat' dir='ltr'>omnis</span> <span class='ocrx_word' id='word_1_62' title='bbox 515 1103 556 1136; x_wconf 89' lang='lat' dir='ltr'>res</span> <span class='ocrx_word' id='word_1_63' title='bbox 565 1086 730 1139; x_wconf 83' lang='lat' dir='ltr'>meaJanum</span> 
     </span>
     <span class='ocr_line' id='line_1_13' title="bbox 120 1150 559 1215; baseline -0.007 -13"><span class='ocrx_word' id='word_1_64' title='bbox 120 1150 205 1202; x_wconf 88' lang='lat' dir='ltr'>fracta</span> <span class='ocrx_word' id='word_1_65' title='bbox 216 1157 262 1214; x_wconf 87' lang='lat' dir='ltr'>est,</span> <span class='ocrx_word' id='word_1_66' title='bbox 274 1151 360 1202; x_wconf 88' lang='lat' dir='ltr'>aliena</span> <span class='ocrx_word' id='word_1_67' title='bbox 372 1150 477 1215; x_wconf 87' lang='lat' dir='ltr'>negotia</span> <span class='ocrx_word' id='word_1_68' title='bbox 489 1166 559 1215; x_wconf 80' lang='lat' dir='ltr'>curo,</span> 
     </span>
    </p>

    <p class='ocr_par' dir='ltr' id='par_1_9' title="bbox 110 1218 726 1356">
     <span class='ocr_line' id='line_1_14' title="bbox 110 1218 726 1287; baseline 0.005 -20"><span class='ocrx_word' id='word_1_69' title='bbox 110 1220 200 1287; x_wconf 58' lang='lat' dir='ltr'>fopriis.</span> <span class='ocrx_word' id='word_1_70' title='bbox 236 1220 305 1270; x_wconf 87' lang='lat' dir='ltr'>Olim</span> <span class='ocrx_word' id='word_1_71' title='bbox 317 1236 379 1270; x_wconf 86' lang='lat' dir='ltr'>narn</span> <span class='ocrx_word' id='word_1_72' title='bbox 391 1235 505 1286; x_wconf 83' lang='lat' dir='ltr'>quaerere</span> <span class='ocrx_word' id='word_1_73' title='bbox 517 1218 645 1285; x_wconf 80' lang='lat' dir='ltr'>amabam,</span> <span class='ocrx_word' id='word_1_74' title='bbox 691 1221 726 1270; x_wconf 79' lang='lat'>20</span> 
     </span>
     <span class='ocr_line' id='line_1_15' title="bbox 110 1287 554 1356; baseline -0.002 -18"><span class='ocrx_word' id='word_1_75' title='bbox 110 1288 138 1340; x_wconf 84' lang='lat' dir='ltr'>le</span> <span class='ocrx_word' id='word_1_76' title='bbox 150 1288 228 1356; x_wconf 88' lang='lat' dir='ltr'>pedes</span> <span class='ocrx_word' id='word_1_77' title='bbox 240 1288 346 1340; x_wconf 80' lang='lat' dir='ltr'>lavisset</span> <span class='ocrx_word' id='word_1_78' title='bbox 358 1287 484 1355; x_wconf 81' lang='lat' dir='ltr'>Sisyphus</span> <span class='ocrx_word' id='word_1_79' title='bbox 497 1304 554 1351; x_wconf 83' lang='lat' dir='ltr'>aere,</span> 
     </span>
    </p>

    <p class='ocr_par' dir='ltr' id='par_1_10' title="bbox 110 1356 648 1423">
     <span class='ocr_line' id='line_1_16' title="bbox 110 1356 648 1423; baseline 0.004 -16"><span class='ocrx_word' id='word_1_80' title='bbox 110 1375 154 1407; x_wconf 90' lang='lat' dir='ltr'>um</span> <span class='ocrx_word' id='word_1_81' title='bbox 166 1357 274 1421; x_wconf 81' lang='lat' dir='ltr'>infabre,</span> <span class='ocrx_word' id='word_1_82' title='bbox 287 1357 350 1423; x_wconf 91' lang='lat' dir='ltr'>quid</span> <span class='ocrx_word' id='word_1_83' title='bbox 362 1356 451 1407; x_wconf 89' lang='lat' dir='ltr'>fusum</span> <span class='ocrx_word' id='word_1_84' title='bbox 464 1356 555 1407; x_wconf 87' lang='lat' dir='ltr'>durius</span> <span class='ocrx_word' id='word_1_85' title='bbox 567 1360 648 1409; x_wconf 81' lang='lat' dir='ltr'>esset:</span> 
     </span>
    </p>

    <p class='ocr_par' dir='ltr' id='par_1_11' title="bbox 110 1425 587 1493">
     <span class='ocr_line' id='line_1_17' title="bbox 110 1425 587 1493; baseline -0.004 -16"><span class='ocrx_word' id='word_1_86' title='bbox 110 1426 130 1477; x_wconf 86' lang='lat' dir='ltr'>ic</span> <span class='ocrx_word' id='word_1_87' title='bbox 143 1426 216 1493; x_wconf 86' lang='lat' dir='ltr'>signo</span> <span class='ocrx_word' id='word_1_88' title='bbox 229 1426 356 1493; x_wconf 83' lang='lat' dir='ltr'>ponebam</span> <span class='ocrx_word' id='word_1_89' title='bbox 368 1425 452 1476; x_wconf 90' lang='lat' dir='ltr'>millia</span> <span class='ocrx_word' id='word_1_90' title='bbox 464 1434 587 1486; x_wconf 88' lang='lat' dir='ltr'>centum;</span> 
     </span>
    </p>

    <p class='ocr_par' dir='ltr' id='par_1_12' title="bbox 110 1495 546 1563">
     <span class='ocr_line' id='line_1_18' title="bbox 110 1495 546 1563; baseline -0.002 -17"><span class='ocrx_word' id='word_1_91' title='bbox 110 1495 216 1563; x_wconf 79' lang='lat' dir='ltr'>glasque</span> <span class='ocrx_word' id='word_1_92' title='bbox 228 1496 316 1545; x_wconf 86' lang='lat' dir='ltr'>domos</span> <span class='ocrx_word' id='word_1_93' title='bbox 328 1495 466 1546; x_wconf 87' lang='lat' dir='ltr'>mercarier</span> <span class='ocrx_word' id='word_1_94' title='bbox 477 1511 546 1545; x_wconf 89' lang='lat' dir='ltr'>unus</span> 
     </span>
    </p>

    <p class='ocr_par' dir='ltr' id='par_1_13' title="bbox 110 1562 624 1629">
     <span class='ocr_line' id='line_1_19' title="bbox 110 1562 624 1629; baseline 0.004 -16"><span class='ocrx_word' id='word_1_95' title='bbox 110 1579 206 1625; x_wconf 81' lang='lat' dir='ltr'>ioram;</span> <span class='ocrx_word' id='word_1_96' title='bbox 224 1563 294 1615; x_wconf 87' lang='lat' dir='ltr'>unde</span> <span class='ocrx_word' id='word_1_97' title='bbox 305 1563 455 1629; x_wconf 83' lang='lat' dir='ltr'>frequentia</span> <span class='ocrx_word' id='word_1_98' title='bbox 467 1562 624 1615; x_wconf 83' lang='lat' dir='ltr'>Mercuriale</span> 
     </span>
    </p>

    <p class='ocr_par' dir='ltr' id='par_1_14' title="bbox 110 1629 602 1698">
     <span class='ocr_line' id='line_1_20' title="bbox 110 1629 602 1698; baseline -0.01 -13"><span class='ocrx_word' id='word_1_99' title='bbox 110 1633 164 1685; x_wconf 88' lang='lat' dir='ltr'>nihi</span> <span class='ocrx_word' id='word_1_100' title='bbox 176 1647 318 1698; x_wconf 84' lang='lat' dir='ltr'>cognomen</span> <span class='ocrx_word' id='word_1_101' title='bbox 330 1629 468 1695; x_wconf 89' lang='lat' dir='ltr'>compita.”</span> <span class='ocrx_word' id='word_1_102' title='bbox 504 1631 518 1655; x_wconf 91' lang='lat'><strong>“</strong></span> <span class='ocrx_word' id='word_1_103' title='bbox 528 1630 551 1680; x_wconf 88' lang='lat' dir='ltr'>N</span> <span class='ocrx_word' id='word_1_104' title='bbox 553 1629 602 1695; x_wconf 74' lang='lat' dir='ltr'>ovi,</span> 
     </span>
    </p>

    <p class='ocr_par' dir='ltr' id='par_1_15' title="bbox 110 1698 602 1767">
     <span class='ocr_line' id='line_1_21' title="bbox 110 1698 602 1767; baseline -0.002 -15"><span class='ocrx_word' id='word_1_105' title='bbox 110 1700 157 1752; x_wconf 76' lang='lat' dir='ltr'>›rbi</span> <span class='ocrx_word' id='word_1_106' title='bbox 170 1705 313 1767; x_wconf 82' lang='lat' dir='ltr'>purgatum</span> <span class='ocrx_word' id='word_1_107' title='bbox 326 1705 353 1750; x_wconf 88' lang='lat' dir='ltr'>to</span> <span class='ocrx_word' id='word_1_108' title='bbox 364 1698 459 1749; x_wconf 84' lang='lat' dir='ltr'>illius.&#39;&#39;</span> <span class='ocrx_word' id='word_1_109' title='bbox 495 1699 602 1766; x_wconf 83' lang='lat' dir='ltr'>“Atqui</span> 
     </span>
    </p>

    <p class='ocr_par' dir='ltr' id='par_1_16' title="bbox 110 1768 571 1831">
     <span class='ocr_line' id='line_1_22' title="bbox 110 1768 571 1831; baseline -0.002 -11"><span class='ocrx_word' id='word_1_110' title='bbox 110 1787 167 1821; x_wconf 68' lang='lat' dir='ltr'>:rem</span> <span class='ocrx_word' id='word_1_111' title='bbox 179 1769 244 1819; x_wconf 90' lang='lat' dir='ltr'>mire</span> <span class='ocrx_word' id='word_1_112' title='bbox 255 1784 345 1829; x_wconf 88' lang='lat' dir='ltr'>novus,</span> <span class='ocrx_word' id='word_1_113' title='bbox 358 1773 389 1818; x_wconf 91' lang='lat' dir='ltr'>ut</span> <span class='ocrx_word' id='word_1_114' title='bbox 401 1768 474 1831; x_wconf 85' lang='lat' dir='ltr'>solet,</span> <span class='ocrx_word' id='word_1_115' title='bbox 486 1768 515 1819; x_wconf 93' lang='lat' dir='ltr'>in</span> <span class='ocrx_word' id='word_1_116' title='bbox 527 1786 571 1819; x_wconf 94' lang='lat' dir='ltr'>cor</span> 
     </span>
    </p>

    <p class='ocr_par' dir='ltr' id='par_1_17' title="bbox 110 1835 726 2247">
     <span class='ocr_line' id='line_1_23' title="bbox 110 1835 725 1905; baseline -0.002 -15"><span class='ocrx_word' id='word_1_117' title='bbox 110 1838 158 1891; x_wconf 85' lang='lat' dir='ltr'>eris</span> <span class='ocrx_word' id='word_1_118' title='bbox 170 1837 257 1889; x_wconf 91' lang='lat' dir='ltr'>miseri</span> <span class='ocrx_word' id='word_1_119' title='bbox 270 1837 395 1905; x_wconf 88' lang='lat' dir='ltr'>capitisve</span> <span class='ocrx_word' id='word_1_120' title='bbox 407 1837 501 1903; x_wconf 85' lang='lat' dir='ltr'>dolore,</span> <span class='ocrx_word' id='word_1_121' title='bbox 588 1835 672 1905; x_wconf 83' lang='lat' dir='ltr'>[get.”</span> <span class='ocrx_word' id='word_1_122' title='bbox 690 1841 725 1891; x_wconf 87' lang='lat'>30</span> 
     </span>
     <span class='ocr_line' id='line_1_24' title="bbox 110 1905 726 1974; baseline 0 -16"><span class='ocrx_word' id='word_1_123' title='bbox 110 1924 152 1959; x_wconf 84' lang='lat' dir='ltr'>eus</span> <span class='ocrx_word' id='word_1_124' title='bbox 170 1907 213 1957; x_wconf 93' lang='lat' dir='ltr'>hic</span> <span class='ocrx_word' id='word_1_125' title='bbox 233 1923 314 1973; x_wconf 91' lang='lat' dir='ltr'>quum</span> <span class='ocrx_word' id='word_1_126' title='bbox 337 1905 369 1957; x_wconf 88' lang='lat' dir='ltr'>fit</span> <span class='ocrx_word' id='word_1_127' title='bbox 391 1906 467 1974; x_wconf 83' lang='lat' dir='ltr'>pugil</span> <span class='ocrx_word' id='word_1_128' title='bbox 485 1912 512 1957; x_wconf 91' lang='lat' dir='ltr'>et</span> <span class='ocrx_word' id='word_1_129' title='bbox 529 1907 662 1958; x_wconf 83' lang='lat' dir='ltr'>medicum</span> <span class='ocrx_word' id='word_1_130' title='bbox 680 1925 726 1958; x_wconf 89' lang='lat' dir='ltr'>ur-</span> 
     </span>
     <span class='ocr_line' id='line_1_25' title="bbox 110 1974 726 2042; baseline 0.003 -16"><span class='ocrx_word' id='word_1_131' title='bbox 110 1977 141 2027; x_wconf 86' lang='lat' dir='ltr'>id</span> <span class='ocrx_word' id='word_1_132' title='bbox 154 1974 237 2027; x_wconf 90' lang='lat' dir='ltr'>simile</span> <span class='ocrx_word' id='word_1_133' title='bbox 249 1974 318 2041; x_wconf 87' lang='lat' dir='ltr'>huic,</span> <span class='ocrx_word' id='word_1_134' title='bbox 328 1980 382 2025; x_wconf 87' lang='lat' dir='ltr'>esto</span> <span class='ocrx_word' id='word_1_135' title='bbox 394 1980 426 2026; x_wconf 91' lang='lat' dir='ltr'>ut</span> <span class='ocrx_word' id='word_1_136' title='bbox 438 1975 527 2026; x_wconf 85' lang='lat' dir='ltr'>libet.&#39;’</span> <span class='ocrx_word' id='word_1_137' title='bbox 553 1976 593 2027; x_wconf 82' lang='lat'>“0</span> <span class='ocrx_word' id='word_1_138' title='bbox 606 1977 680 2042; x_wconf 83' lang='lat' dir='ltr'>bone,</span> <span class='ocrx_word' id='word_1_139' title='bbox 691 1992 726 2029; x_wconf 79' lang='lat' dir='ltr'>ne</span> 
     </span>
     <span class='ocr_line' id='line_1_26' title="bbox 110 2042 726 2113; baseline 0.003 -17"><span class='ocrx_word' id='word_1_140' title='bbox 110 2044 207 2096; x_wconf 90' lang='lat' dir='ltr'>insanis</span> <span class='ocrx_word' id='word_1_141' title='bbox 219 2049 245 2095; x_wconf 91' lang='lat' dir='ltr'>et</span> <span class='ocrx_word' id='word_1_142' title='bbox 257 2050 288 2094; x_wconf 87' lang='lat' dir='ltr'>tu</span> <span class='ocrx_word' id='word_1_143' title='bbox 301 2042 427 2110; x_wconf 88' lang='lat' dir='ltr'>stultique</span> <span class='ocrx_word' id='word_1_144' title='bbox 439 2060 520 2111; x_wconf 89' lang='lat' dir='ltr'>prope</span> <span class='ocrx_word' id='word_1_145' title='bbox 531 2062 628 2111; x_wconf 87' lang='lat' dir='ltr'>omnes,</span> <span class='ocrx_word' id='word_1_146' title='bbox 682 2042 726 2113; x_wconf 77' lang='lat' dir='ltr'>[te</span> 
     </span>
     <span class='ocr_line' id='line_1_27' title="bbox 110 2110 682 2177; baseline -0.009 -15"><span class='ocrx_word' id='word_1_147' title='bbox 110 2111 195 2162; x_wconf 82' lang='lat' dir='ltr'>tinius</span> <span class='ocrx_word' id='word_1_148' title='bbox 207 2110 261 2162; x_wconf 85' lang='lat' dir='ltr'>veri</span> <span class='ocrx_word' id='word_1_149' title='bbox 273 2117 369 2177; x_wconf 87' lang='lat' dir='ltr'>crepat,</span> <span class='ocrx_word' id='word_1_150' title='bbox 382 2110 452 2161; x_wconf 90' lang='lat' dir='ltr'>unde</span> <span class='ocrx_word' id='word_1_151' title='bbox 464 2127 512 2176; x_wconf 84' lang='lat' dir='ltr'>ego</span> <span class='ocrx_word' id='word_1_152' title='bbox 523 2111 591 2162; x_wconf 90' lang='lat' dir='ltr'>mira</span> <span class='ocrx_word' id='word_1_153' title='bbox 677 2148 682 2157; x_wconf 87' lang='lat'><strong>.</strong></span> 
     </span>
     <span class='ocr_line' id='line_1_28' title="bbox 110 2178 635 2247; baseline 0.011 -22"><span class='ocrx_word' id='word_1_154' title='bbox 110 2179 171 2230; x_wconf 63' lang='lat' dir='ltr'>‚cilis</span> <span class='ocrx_word' id='word_1_155' title='bbox 184 2186 314 2247; x_wconf 86' lang='lat' dir='ltr'>praecepta</span> <span class='ocrx_word' id='word_1_156' title='bbox 325 2178 389 2244; x_wconf 77' lang='lat' dir='ltr'>hac,</span> <span class='ocrx_word' id='word_1_157' title='bbox 401 2184 517 2245; x_wconf 88' lang='lat' dir='ltr'>tempore</span> <span class='ocrx_word' id='word_1_158' title='bbox 530 2195 581 2245; x_wconf 91' lang='lat' dir='ltr'>quo</span> <span class='ocrx_word' id='word_1_159' title='bbox 593 2196 635 2231; x_wconf 84' lang='lat' dir='ltr'>mc</span> 
     </span>
    </p>

    <p class='ocr_par' dir='ltr' id='par_1_18' title="bbox 110 2246 521 2316">
     <span class='ocr_line' id='line_1_29' title="bbox 110 2246 521 2316; baseline -0.005 -17"><span class='ocrx_word' id='word_1_160' title='bbox 110 2248 130 2300; x_wconf 90' lang='lat' dir='ltr'>it</span> <span class='ocrx_word' id='word_1_161' title='bbox 142 2249 286 2316; x_wconf 89' lang='lat' dir='ltr'>sapientem</span> <span class='ocrx_word' id='word_1_162' title='bbox 297 2264 402 2315; x_wconf 87' lang='lat' dir='ltr'>pascere</span> <span class='ocrx_word' id='word_1_163' title='bbox 413 2246 521 2298; x_wconf 86' lang='lat' dir='ltr'>barbam</span> 
     </span>
    </p>

    <p class='ocr_par' dir='ltr' id='par_1_19' title="bbox 111 2314 571 2383">
     <span class='ocr_line' id='line_1_30' title="bbox 111 2314 571 2383; baseline -0.004 -14"><span class='ocrx_word' id='word_1_164' title='bbox 111 2318 186 2369; x_wconf 88' lang='lat' dir='ltr'>bricio</span> <span class='ocrx_word' id='word_1_165' title='bbox 198 2334 250 2369; x_wconf 90' lang='lat' dir='ltr'>non</span> <span class='ocrx_word' id='word_1_166' title='bbox 262 2317 365 2368; x_wconf 87' lang='lat' dir='ltr'>tristem</span> <span class='ocrx_word' id='word_1_167' title='bbox 377 2324 457 2383; x_wconf 87' lang='lat' dir='ltr'>ponte</span> <span class='ocrx_word' id='word_1_168' title='bbox 468 2314 571 2367; x_wconf 85' lang='lat' dir='ltr'>reverti.</span> 
     </span>
    </p>

    <p class='ocr_par' dir='ltr' id='par_1_20' title="bbox 111 2384 667 2521">
     <span class='ocr_line' id='line_1_31' title="bbox 111 2384 633 2452; baseline -0.006 -15"><span class='ocrx_word' id='word_1_169' title='bbox 111 2404 128 2437; x_wconf 66' lang='lat' dir='ltr'>&#39;e</span> <span class='ocrx_word' id='word_1_170' title='bbox 139 2393 213 2451; x_wconf 84' lang='lat' dir='ltr'>gesta</span> <span class='ocrx_word' id='word_1_171' title='bbox 226 2402 309 2451; x_wconf 91' lang='lat' dir='ltr'>quum</span> <span class='ocrx_word' id='word_1_172' title='bbox 320 2384 414 2436; x_wconf 84' lang='lat' dir='ltr'>vellem</span> <span class='ocrx_word' id='word_1_173' title='bbox 426 2384 531 2437; x_wconf 85' lang='lat' dir='ltr'>mittere</span> <span class='ocrx_word' id='word_1_174' title='bbox 543 2386 633 2452; x_wconf 88' lang='lat' dir='ltr'>operto</span> 
     </span>
     <span class='ocr_line' id='line_1_32' title="bbox 111 2453 667 2521; baseline 0 -16"><span class='ocrx_word' id='word_1_175' title='bbox 111 2453 242 2521; x_wconf 83' lang='lat' dir='ltr'>nllumen,</span> <span class='ocrx_word' id='word_1_176' title='bbox 255 2454 440 2521; x_wconf 68' lang='lat' dir='ltr'>dexteritatis,</span> <span class='ocrx_word' id='word_1_177' title='bbox 453 2460 487 2520; x_wconf 85' lang='lat' dir='ltr'>et,</span> <span class='ocrx_word' id='word_1_178' title='bbox 500 2454 586 2507; x_wconf 79' lang='lat' dir='ltr'>‘Cave</span> <span class='ocrx_word' id='word_1_179' title='bbox 597 2453 667 2505; x_wconf 83' lang='lat' dir='ltr'>faris</span> 
     </span>
    </p>

    <p class='ocr_par' dir='ltr' id='par_1_21' title="bbox 111 2521 729 2800">
     <span class='ocr_line' id='line_1_33' title="bbox 111 2521 728 2591; baseline 0.006 -18"><span class='ocrx_word' id='word_1_180' title='bbox 111 2540 128 2574; x_wconf 88' lang='lat' dir='ltr'>n</span> <span class='ocrx_word' id='word_1_181' title='bbox 136 2522 276 2590; x_wconf 85' lang='lat' dir='ltr'>indignum</span> <span class='ocrx_word' id='word_1_182' title='bbox 283 2543 290 2587; x_wconf 91' lang='lat'>;</span> <span class='ocrx_word' id='word_1_183' title='bbox 303 2521 728 2591; x_wconf 82' lang='lat' dir='ltr'>pudor,&#39;inquit,‘temalusangit‚</span> 
     </span>
     <span class='ocr_line' id='line_1_34' title="bbox 118 2591 727 2645; baseline 0.003 -2"><span class='ocrx_word' id='word_1_184' title='bbox 118 2594 188 2644; x_wconf 90' lang='lat' dir='ltr'>inter</span> <span class='ocrx_word' id='word_1_185' title='bbox 200 2609 304 2644; x_wconf 88' lang='lat' dir='ltr'>vereare</span> <span class='ocrx_word' id='word_1_186' title='bbox 316 2593 424 2643; x_wconf 88' lang='lat' dir='ltr'>insanus</span> <span class='ocrx_word' id='word_1_187' title='bbox 435 2591 532 2643; x_wconf 68' lang='lat' dir='ltr'>haberi⁴</span> <span class='ocrx_word' id='word_1_188' title='bbox 691 2599 727 2645; x_wconf 85' lang='lat'>40</span> 
     </span>
     <span class='ocr_line' id='line_1_35' title="bbox 111 2659 729 2729; baseline 0.003 -18"><span class='ocrx_word' id='word_1_189' title='bbox 111 2679 128 2711; x_wconf 91' lang='lat' dir='ltr'>n</span> <span class='ocrx_word' id='word_1_190' title='bbox 138 2662 276 2729; x_wconf 88' lang='lat' dir='ltr'>inquiram,</span> <span class='ocrx_word' id='word_1_191' title='bbox 285 2661 348 2727; x_wconf 91' lang='lat' dir='ltr'>quid</span> <span class='ocrx_word' id='word_1_192' title='bbox 358 2661 392 2712; x_wconf 91' lang='lat' dir='ltr'>sit</span> <span class='ocrx_word' id='word_1_193' title='bbox 401 2662 501 2711; x_wconf 85' lang='lat' dir='ltr'>furere:</span> <span class='ocrx_word' id='word_1_194' title='bbox 514 2660 563 2711; x_wconf 91' lang='lat' dir='ltr'>hoc</span> <span class='ocrx_word' id='word_1_195' title='bbox 572 2659 594 2711; x_wconf 90' lang='lat' dir='ltr'>si</span> <span class='ocrx_word' id='word_1_196' title='bbox 604 2660 654 2712; x_wconf 88' lang='lat' dir='ltr'>erit</span> <span class='ocrx_word' id='word_1_197' title='bbox 664 2661 692 2712; x_wconf 93' lang='lat' dir='ltr'>in</span> <span class='ocrx_word' id='word_1_198' title='bbox 702 2671 729 2713; x_wconf 80' lang='lat' dir='ltr'>to</span> 
     </span>
     <span class='ocr_line' id='line_1_36' title="bbox 111 2730 574 2800; baseline 0 -19"><span class='ocrx_word' id='word_1_199' title='bbox 111 2731 148 2796; x_wconf 42' lang='lat' dir='ltr'>vbi,</span> <span class='ocrx_word' id='word_1_200' title='bbox 180 2748 250 2782; x_wconf 89' lang='lat' dir='ltr'>creas</span> <span class='ocrx_word' id='word_1_201' title='bbox 263 2731 328 2800; x_wconf 87' lang='lat' dir='ltr'>quin</span> <span class='ocrx_word' id='word_1_202' title='bbox 340 2730 453 2797; x_wconf 81' lang='lat' dir='ltr'>fortiter,</span> <span class='ocrx_word' id='word_1_203' title='bbox 464 2730 574 2782; x_wconf 64' lang='lat' dir='ltr'>abelam.</span> 
     </span>
    </p>
   </div>
   <div class='ocr_carea' id='block_1_4' title="bbox 111 2796 681 2875">
    <p class='ocr_par' dir='ltr' id='par_1_22' title="bbox 111 2796 681 2875">
     <span class='ocr_line' id='line_1_37' title="bbox 111 2796 681 2875; baseline -0.002 -24"><span class='ocrx_word' id='word_1_204' title='bbox 111 2811 150 2851; x_wconf 79' lang='lat' dir='ltr'>stu</span> <span class='ocrx_word' id='word_1_205' title='bbox 165 2801 226 2855; x_wconf 84' lang='lat' dir='ltr'>titia</span> <span class='ocrx_word' id='word_1_206' title='bbox 240 2808 269 2857; x_wconf 89' lang='lat' dir='ltr'>et</span> <span class='ocrx_word' id='word_1_207' title='bbox 282 2819 478 2875; x_wconf 73' lang='lat' dir='ltr'>quemcunque</span> <span class='ocrx_word' id='word_1_208' title='bbox 488 2800 606 2857; x_wconf 68' lang='lat' dir='ltr'>insertis.</span> <span class='ocrx_word' id='word_1_209' title='bbox 613 2796 681 2850; x_wconf 67' lang='lat' dir='ltr'>nem</span> 
     </span>
    </p>
   </div>
   <div class='ocr_carea' id='block_1_5' title="bbox 0 0 1087 3309">
    <p class='ocr_par' dir='ltr' id='par_1_23' title="bbox 0 0 1087 3309">
     <span class='ocr_line' id='line_1_38' title="bbox 0 0 1087 3309; baseline 0 0"><span class='ocrx_word' id='word_1_210' title='bbox 0 0 1087 3309; x_wconf 95' lang='lat' dir='ltr'> </span> 
     </span>
    </p>
   </div>
  </div>
 </body>
</html>
