2159 3309
271 263 521 318 EPISTOLARUM
541 263 562 316 1.
582 266 688 315 11-13.
823 266 873 318 205

113 365 258 434 rpedooles,
269 383 304 419 en
317 366 473 419 Stertinium
486 367 580 419 deliret
592 383 709 418 acumen.
837 370 871 419 20

113 452 186 498 rum,
200 452 246 487 seu
257 436 341 504 pisces
353 454 399 488 seu
411 454 518 505 porrum
530 445 557 488 et
569 453 640 503 caepo
654 435 775 502 trucidas,

113 519 155 555 ere
170 504 296 571 Pompeio
311 504 438 573 Grospho,
450 512 484 571 et,
498 504 520 555 si
532 504 597 572 quid
609 507 690 571 petet,
703 503 773 555 ultro

113 573 157 624 fer
164 590 172 636 ;
191 571 232 624 nil
244 572 376 641 Grosphus
388 573 439 624 nisi
451 590 542 624 verum
554 573 638 625 orabit
650 580 677 625 et
690 591 802 640 aequum.

113 642 145 693 iis
156 641 303 693 smioorum
314 646 355 693 est
366 658 477 709 sunone,
489 641 564 694 bonis
576 642 622 694 ubi
634 643 699 711 quid
711 643 790 697 deest.

126 716 221 763 temen
232 710 335 778 ignores
344 727 351 774 ;
386 727 421 763 uo
433 712 468 763 sit
481 711 599 764 Romanu
611 710 667 764 loeo
678 728 733 766 res:

113 779 211 832 ntsber
222 778 354 860 Agrippas,
367 727 463 833 glandi
475 781 575 833 virtute
587 781 698 833 Neronis

113 848 221 901 menius
234 848 344 912 oeoid1t;
358 851 403 917 jus
415 850 608 917 imperiumque
619 848 747 903 Phraates

113 918 188 970 esuris
199 917 302 986 uooepit
313 918 424 985 genibus
435 918 536 981 minor;
554 935 634 971 sures
644 920 735 987 fruges

113 985 167 1040 uie
178 986 257 1056 pleno
269 986 408 1040 defunditb
421 986 501 1055 Copia
513 1003 603 1039 cornu.

160 1151 338 1207 EPISTOLA
356 1154 520 1208 XIII.-su
532 1167 642 1207 vnuuss
654 1167 790 1206 esrum.

113 1262 342 1332 rprofioisoentsm
354 1260 432 1314 docui
443 1266 471 1314 te
483 1278 552 1331 saepe
563 1262 669 1330 diuque,

113 1337 201 1401 ugusto
212 1331 305 1383 reddes
317 1330 422 1398 signeto
434 1330 577 1399 volumina,
590 1331 662 1398 Vini,

121 1400 230 1469 validus,
242 1400 265 1453 si
276 1400 354 1452 laetus
366 1399 424 1466 erit,
436 1399 458 1451 si
472 1399 585 1467 denique
616 1405 701 1465 oscet;

113 1486 122 1523 s
132 1469 218 1523 studio
230 1469 313 1522 nostri
325 1485 416 1537 pecces
428 1468 570 1537 odiumque
581 1469 602 1521 li
633 1469 677 1521 llis

113 1538 191 1592 dulus
203 1539 335 1607 importes,
348 1554 427 1606 opere
439 1538 593 1591 vehemente
604 1539 732 1594 minister.

120 1614 147 1662 te
157 1610 226 1661 forte
237 1624 302 1660 meae
314 1607 402 1675 gravis
413 1612 473 1659 uret
484 1607 706 1676 resumebamus,

113 1678 194 1746 tjioito
206 1678 301 1747 potius,
314 1693 394 1745 quam
405 1693 457 1745 quo
468 1677 584 1758 perferre
592 1677 693 1745 Juberis

113 1745 196 1801 itellss
207 1747 279 1799 ferus
291 1745 423 1827 impingps
435 1745 574 1814 Asmoeque
586 1752 726 1814 paternum

113 1815 681 1952 mmmm
835 1886 869 1937 10

113 1953 171 2009 istor
182 1954 309 2037 propositi
322 1952 400 2005 simul
409 1969 440 2005 oc
452 1953 601 2021 perveneris
613 1953 686 2018 illuc,

113 2031 250 2094 oposstum
263 2022 376 2075 servabis
388 2038 462 2089 onus,
473 2039 506 2073 ne
518 2022 587 2074 forte
599 2022 648 2073 sub
660 2021 704 2074 ule

113 2094 245 2147 suculam
256 2098 344 2161 portes
356 2090 488 2155 librorum,
501 2097 533 2143 ut
545 2090 658 2143 rusticus
671 2106 778 2160 egnum,

113 2164 220 2217 tviuoss
231 2162 333 2230 glomus
344 2160 451 2213 furtivae
464 2159 577 2227 Pyr-thiu
588 2159 667 2227 lenae,

113 2236 121 2283 t
131 2250 189 2286 oum
201 2231 296 2302 pileolo
309 2229 390 2283 soleas
403 2229 514 2282 convivo
525 2228 638 2282 tribulis.

113 2302 210 2371 evulgo
221 2306 349 2354 noneste
361 2299 494 2352 sudavisse
506 2298 613 2350 ferendo

113 2388 208 2473 ΜΡ
220 2388 280 2491 qui
292 2369 393 2490 ‘'⁰⁸⁵³ii
405 2368 493 2488 0ωὲἕέ
505 2367 741 2488 iiiiiuiffimi

113 2456 364 2581 ξὲῃίἑίζηοαῗοῗέ
372 2455 470 2560 tiiviies
482 2454 660 2574 mondatuiiue
671 2477 784 2575 fiungss.

412 2596 423 2624 δ
436 2594 535 2633 diffundit
