2159 3309
197 286 250 340 204
510 287 666 341 HORATII

196 399 326 452 Incolumi
338 397 442 449 Rhodos
454 405 482 449 et
493 395 622 463 Mytilene
635 394 748 462 pulchra
758 393 832 460 facit,
843 389 900 464 quod

195 469 304 520 Paenula
316 467 434 530 solstitio,
446 471 591 533 campestre
603 464 736 516 nivalibus
748 465 826 529 auris,

196 538 247 590 Per
259 538 378 589 brumam
390 535 496 600 Tiberis,
509 533 605 585 Sextili
616 550 705 584 mense
717 533 843 585 caminus.

196 607 268 660 Dum
280 607 342 658 licet
354 621 385 656 ac
397 604 502 655 vultum
514 609 601 655 serrat
613 601 733 654 Fortuna
744 602 889 670 benignum,
925 593 949 647 20
1002 609 1006 682 ;Ι

197 677 287 728 Romae
299 675 422 726 laudetur
434 672 524 724 Sarnos
536 679 563 723 ot
576 672 652 723 Chios
665 678 692 723 et
705 671 811 722 Rhodos
823 670 910 724 ebsena
1003 747 1006 756 Ι

197 745 244 811 Tu,
258 759 443 811 quamcunque
454 742 526 793 Deus
538 740 587 793 tibi
599 740 776 792 fortunaverit
789 740 882 806 horem,

198 815 279 867 Grata
291 830 364 865 sume
376 828 464 876 manu,
476 828 530 862 neu
542 809 630 861 dulcia
642 809 717 860 differ
729 809 758 860 in
770 825 876 876 annum,

198 882 243 948 Ut,
256 898 411 951 quoeunque
422 879 479 931 loco
490 879 579 945 fueris,
591 879 688 930 vixisse
700 877 815 930 libenter

199 950 236 1003 Te
248 951 333 1014 dicns;
351 967 414 1001 nam
426 949 448 1000 si
459 949 527 1000 ratio
539 955 567 1000 et
579 947 721 1016 prudentia
734 963 818 1016 curas,

198 1019 224 1072 N
225 1037 259 1071 on
271 1020 342 1071 locus
354 1019 428 1071 effusi
440 1019 494 1070 late
505 1017 585 1068 maris
597 1017 695 1069 arbiter
706 1017 802 1082 aufert,

199 1088 307 1154 Ocelum,
319 1105 372 1139 non
384 1088 503 1140 anirnum
514 1091 627 1150 mutant,
640 1085 687 1152 qui
698 1093 772 1137 trans
784 1101 856 1138 mare
867 1081 956 1138 ωπῦῑ

200 1156 313 1210 Strenua
324 1175 371 1209 nos
383 1163 487 1209 exercet
498 1155 610 1218 inertia;
627 1154 739 1206 navibus
751 1160 833 1222 atque

201 1226 340 1294 Quadrigis
352 1227 467 1294 potimus
479 1225 546 1276 beno
558 1224 653 1275 virere.
689 1222 765 1286 Quod
778 1223 854 1291 petis,
866 1221 906 1276 bie
914 1219 947 1280 dr

200 1293 250 1348 Est
263 1295 374 1362 Ulubris,
387 1295 491 1347 animus
503 1295 525 1345 si
537 1300 565 1345 to
577 1309 629 1345 non
642 1291 731 1344 deficit
742 1307 842 1359 aequus.
936 1281 959 1338 ’l

358 1462 534 1516 EPISTOLA
553 1463 691 1517 XII.-sn
708 1471 818 1513 1001111.

202 1557 363 1611 anenrans
376 1558 501 1626 Agrippae
514 1556 617 1625 Siculis,
630 1574 695 1626 quos
708 1558 817 1628 colligis,
830 1558 890 1626 Ioci,

203 1627 232 1680 si
243 1633 314 1679 recte
325 1627 428 1692 frueris,
441 1644 494 1678 non
506 1633 553 1692 est,
565 1632 598 1679 ut
610 1628 686 1695 copia
697 1629 782 1696 major

202 1695 245 1748 Ab
256 1696 276 1748 J
277 1713 324 1748 ore
336 1695 427 1747 donari
439 1695 520 1763 possit
533 1695 589 1749 tibi
625 1696 699 1748 Tolle
711 1697 845 1764 querelas;

203 1764 306 1833 Pauper
318 1765 388 1816 enim
400 1781 453 1815 non
466 1771 512 1830 est,
525 1765 568 1816 cni
580 1782 668 1817 rerum
680 1766 800 1834 suppetit
812 1783 881 1818 usus.

204 1833 232 1886 Si
244 1834 330 1887 ventri
341 1832 414 1899 bene,
427 1834 449 1884 si
461 1833 538 1886 lateri
551 1841 591 1886 est
602 1834 765 1903 pedibusque
779 1835 842 1902 tuis,
853 1833 891 1886 nil

204 1903 310 1955 Divitiae
322 1909 446 1983 poterunt
458 1903 559 1969 regales
571 1903 667 1955 addere
678 1906 773 1984 majus.

204 1971 232 2024 si
245 1973 311 2024 forte
323 1989 352 2023 1n
364 1971 449 2024 medio
462 1971 606 2039 positorum
619 1972 762 2025 abstemius
774 1972 862 2026 herbis

205 2040 279 2094 Viris
292 2048 318 2093 et
331 2041 421 2108 urtica,
434 2041 471 2092 sic
483 2042 555 2092 vives
567 2042 694 2109 protinus,
707 2047 738 2093 ut
751 2050 778 2094 te

207 2110 348 2162 Confestim
360 2110 478 2177 liquidus
491 2110 614 2162 Fortunoe
627 2111 699 2163 rivus
711 2111 825 2179 inauret,
1005 2125 1006 2166 l

206 2177 256 2230 Vel
268 2179 330 2247 quia
342 2186 465 2231 naturum
476 2185 581 2231 mutare
593 2180 706 2247 pecunia
718 2181 810 2245 nescit,
944 2165 970 2220 ¹⁰

206 2246 256 2298 Vel
268 2249 330 2315 quia
342 2256 437 2301 cuncta
449 2254 527 2317 putus
539 2265 594 2300 una
606 2250 706 2300 virtute
718 2249 827 2303 minora.

206 2314 342 2382 Miramur,
355 2318 376 2368 si
389 2318 530 2369 Democriti
544 2335 623 2386 pocus
636 2319 690 2370 edit
702 2318 800 2385 agellos

207 2384 342 2453 Cultaque,
355 2386 418 2437 dnm
430 2405 538 2454 peregre
551 2393 590 2438 est
602 2389 704 2440 animus
717 2388 773 2439 sine
786 2403 889 2456 corpore
901 2377 972 2436 rnl⁰¹i

208 2453 297 2513 Quum
309 2462 339 2506 tu
351 2454 421 2507 inter
433 2456 546 2507 scubiem
558 2463 660 2509 tanturn
673 2463 699 2508 et
712 2458 835 2524 contagia
846 2453 910 2510 lueri

207 2523 252 2575 Nil
266 2541 375 2591 parrum
388 2525 472 2591 sapius
485 2531 512 2576 et
524 2526 610 2577 adhuc
623 2526 745 2578 sublimia
757 2543 845 2579 cures:

209 2593 274 2652 Quen
287 2609 358 2643 mare
370 2601 534 2660 compescant
547 2612 639 2661 cnusae,
652 2596 716 2662 quid
729 2601 858 2663 temperet
869 2597 959 2646 annufflr

208 2661 295 2713 Stellae
309 2667 466 2729 epentesis,
475 2665 589 2730 jussaeno
602 2670 731 2731 vagentur
743 2672 770 2716 et
783 2669 876 2728 errent,

207 2731 275 2795 Quid
284 2737 391 2802 premat
403 2729 543 2785 obscurum
553 2733 634 2796 lune,
644 2733 709 2801 «gurd
718 2733 834 2800 proteret
846 2731 931 2791 orben.

195 2801 269 2868 Quid
283 2804 349 2862 velit
363 2810 393 2860 et
405 2804 492 2879 possit
503 2822 598 2860 rerum
610 2800 753 2857 eoncordia
762 2801 872 2863 discors,
