2159 3309
238 270 489 323 EPISTOLARUM
509 271 547 323 Il.
569 276 592 323 Ι.
757 264 808 323 223

136 378 283 444 ctorcfert,
295 378 407 430 orientia
418 382 536 446 tempora
548 376 618 428 notis
758 377 809 427 130

143 447 276 514 exemplis,
288 448 393 514 inopem
405 447 504 498 solatur
516 453 543 498 et
555 462 662 512 aegrum

136 533 175 567 rm
186 516 274 583 pueris
284 516 375 582 ignom
387 515 476 583 puella
487 515 577 567 meriti

147 585 218 635 unde
230 602 325 653 preces,
338 591 425 636 votem
437 585 465 636 ni
478 584 556 635 Musa
568 581 698 635 dedissetl

136 670 191 721 pem
204 652 296 704 chorus
309 662 336 704 et
347 655 486 721 presentia
497 653 608 704 numine
620 652 708 719 sentit,

149 723 185 773 im
205 722 272 773 lorot
283 739 364 789 equos
377 723 453 773 docto
465 739 541 789 prece
553 721 673 786 blundus,

136 740 241 856 morlos,
253 791 396 843 metuendo
407 791 524 859 pericula
536 791 620 858 pellit,

136 867 145 912 t
157 867 185 912 et
196 876 288 927 pacem
300 866 327 912 et
339 860 496 927 locupletem
508 859 628 925 frugibus
640 875 748 911 annum

147 929 183 981 Di
197 930 284 997 superi
296 930 443 997 placantur,
456 928 572 979 carmine
583 928 683 981 Mones.

137 1015 143 1049 ε
155 998 235 1066 prisci
245 998 326 1049 fortes
338 1013 468 1065 parvoque
480 996 553 1048 besti

137 1073 196 1135 post
208 1066 341 1118 flumenta
353 1067 470 1118 levantes
483 1071 599 1132 tempore
610 1064 677 1117 festo
752 1069 802 1119 140

137 1144 152 1188 t
163 1135 251 1204 ipsum
263 1136 381 1187 animum
393 1152 439 1203 spe
450 1134 510 1185 finis
523 1134 590 1186 duro
601 1134 737 1202 ferentem,

137 1222 167 1256 us
180 1221 295 1273 operum,
307 1221 395 1272 pueris
407 1210 434 1256 et
446 1205 558 1270 conjuge
569 1202 630 1268 fida,

137 1292 143 1324 ι
154 1290 240 1342 porco,
253 1272 388 1325 Silvanum
400 1272 469 1324 lecte
480 1272 598 1340 piabant,

144 1348 171 1394 et
183 1342 245 1395 vino
258 1343 370 1395 Genium
381 1357 522 1393 memorem
533 1339 619 1393 brevis
631 1339 688 1393 aevi.

137 1428 174 1463 nu
186 1428 233 1479 per
244 1411 315 1463 hunc
328 1411 436 1462 invento
447 1410 555 1461 licentis
566 1426 666 1461 morem

147 1480 256 1533 alternis
268 1479 405 1548 opprobrie
417 1480 516 1531 rustico
527 1479 606 1545 fudit,

137 1555 638 1685 tlltffitlttl‘ltffll

136 1705 154 1738 n
167 1687 246 1753 eoepit
258 1688 325 1739 verti
334 1688 409 1754 jocus
421 1693 448 1738 et
517 1686 640 1737 honestos

137 1773 152 1807 s
163 1756 271 1823 impuno
283 1756 382 1808 minax.
416 1755 456 1808 Do
469 1771 528 1807 uere
540 1761 649 1807 cruento
748 1759 798 1808 150

137 1825 235 1888 cessiti3
253 1825 305 1875 tuit
318 1824 425 1876 intectis
438 1840 540 1892 quoque
552 1840 616 1875 cure

137 1910 164 1945 te
176 1910 253 1960 super
266 1894 413 1955 communi;
431 1894 496 1960 quin
508 1893 589 1944 etism
601 1892 645 1944 lex

137 1983 141 2011 t
153 1962 215 2026 late
227 1961 296 2013 molo
309 1978 367 2029 quae
379 1961 461 2014 nollet
473 1962 588 2013 carmine
601 1978 758 2030 quemquem

137 2050 141 2089 ;
159 2039 260 2082 vertere
271 2030 385 2097 modum,
397 2030 537 2082 formidine
548 2030 627 2082 fustis

140 2098 281 2151 dicendum
293 2099 529 2167 delectandumque
540 2099 648 2151 redacti

137 2168 296 2236 optatorum
308 2168 433 2220 victorem
446 2168 524 2235 cepit,
535 2172 564 2220 et
575 2175 645 2221 artes

137 2236 214 2304 gresti
227 2236 317 2299 Ireti03
335 2238 372 2288 sic
384 2236 504 2288 horridus
515 2236 562 2288 ille

138 2322 261 2357 numerus
274 2305 421 2370 Saturnius,
432 2315 459 2356 et
471 2322 551 2371 grave
563 2305 636 2357 virus

137 2392 148 2425 s
160 2374 298 2442 pepulerc3
316 2374 361 2425 sed
373 2374 401 2425 in
413 2374 520 2440 longum
532 2379 621 2425 tamen
634 2391 721 2428 sevum

138 2450 163 2495 nt
175 2442 304 2511 hodieque
316 2450 425 2495 monent
436 2443 548 2510 vestigia
559 2444 634 2495 ruris.
743 2449 794 2499 160

139 2530 165 2563 m
178 2512 275 2563 Graecis
286 2512 403 2563 admovit
414 2512 537 2563 acumine
549 2512 655 2579 chortis,

138 2582 225 2632 'unico
236 2580 306 2631 bello
318 2580 422 2648 quietus
434 2598 549 2648 quaerere
561 2582 647 2649 coepit,

138 2649 225 2701 hocles
237 2655 264 2701 et
276 2649 383 2716 Thespis
395 2656 422 2701 et
433 2650 575 2717 AEschylus
586 2652 652 2703 utile
664 2651 769 2707 ferrent.

138 2734 241 2796 qnoque
251 2735 314 2785 rem,
327 2719 349 2770 si
362 2718 441 2787 digne
452 2726 554 2773 vertere
564 2729 663 2789 posset,

138 2785 211 2850 tubi,
225 2793 325 2842 nauus
336 2789 464 2846 sublimis
477 2798 505 2847 et
517 2808 599 2858 seem
