2159 3309
161 278 214 332 152
394 314 398 322 .
465 270 621 326 HORATH

161 369 332 437 Dictorqueus
344 367 438 435 oculos,
449 374 481 421 ut
492 386 534 421 me
546 368 665 437 eriperet.
701 369 775 423 Male
786 370 863 423 reisue

162 437 259 490 Ridens
272 438 451 489 dissimulare:
470 455 559 490 meum
566 440 642 506 jecur
653 456 728 492 urere
740 440 809 493 bilis.

161 506 175 533 ‘¹
184 507 260 559 Certe
271 507 357 559 nescio
369 508 432 597 quid
445 513 541 559 secreto
554 508 620 559 velle
633 508 705 576 loqui
718 516 745 561 te

161 576 255 629 Aiebas
267 577 394 628 mecum.’
430 576 564 628 “Memini
575 576 648 642 bene,
662 577 706 628 sed
720 578 826 630 meliore

160 645 285 713 Tempore
297 646 400 705 dicam
418 644 495 697 hodie
507 645 638 697 tricesima
650 646 776 700 sabbata:
794 645 845 698 rin’
856 651 882 698 tu

161 715 248 766 Curtio
261 714 280 766 J
281 714 362 766 udaeio
374 714 501 767 offendere
511 713 542 767 l”
560 715 575 742 “
583 714 665 767 Nulla
675 714 768 780 mihi,”
781 716 887 783 inquam,
900 714 906 764 i

162 782 285 851 “Religio
297 782 359 835 est.’'
395 784 410 810 “
418 783 454 835 At
465 783 503 834 mi
514 802 521 847 ;
539 800 597 834 sum
610 783 687 852 paulo
700 785 834 851 infirmior,
845 799 902 836 unm

160 851 314 904 Multorum.
345 851 465 919 Ignoscas
477 871 483 915 ;
501 852 566 904 alias
578 852 692 920 loquar.’'
718 854 856 907 Hunccine
866 851 906 904 sole

160 920 225 973 Tam
236 921 343 987 nigrum
355 938 460 973 surrexe
470 922 537 973 mihi
548 923 554 974 i
574 920 656 989 Fugit
667 922 803 991 improbus
814 940 845 977 ac
855 938 891 974 mc

161 989 217 1041 Sub
229 989 314 1042 cultro
327 989 432 1057 linquit.
469 991 536 1042 (lusu
548 991 621 1042 venit
632 991 725 1043 obvius
736 991 778 1045 illi
886 1005 890 1024 ··

161 1058 338 1123 Adversarius,
352 1066 385 1126 ct,
399 1059 479 1124 “Quo
492 1065 523 1111 tu
535 1059 685 1127 turpissime
696 1060 728 1113 l’'
747 1078 845 1129 magna

161 1127 292 1180 Inclamat
303 1145 382 1193 voce;
400 1134 435 1195 et,
448 1128 546 1181 “Licet
558 1130 684 1181 antestari
694 1129 726 1181 2⁹⁹
750 1129 807 1198 Ego
819 1146 877 1182 vero

161 1196 269 1265 Oppono
281 1198 434 1250 auriculam.
470 1197 551 1265 Rapit
564 1198 592 1249 in
600 1200 662 1266 jus3
680 1198 779 1250 clamor
791 1199 905 1268 utrinque

160 1265 284 1336 Undique
296 1284 445 1321 concursus.
481 1266 525 1319 Sic
536 1284 580 1319 me
592 1268 705 1320 cenavit
717 1268 820 1336 Apollo.

467 1424 597 1480 8anth
613 1426 646 1482 K

163 1534 270 1603 [Lucili
282 1552 361 1604 quam
374 1535 408 1587 ris
420 1534 567 1601 mendosus,
578 1539 646 1588 torte
658 1534 765 1604 Getone,

162 1606 302 1657 Defensore
315 1611 368 1670 tuo,
381 1604 537 1671 pervincum,
550 1603 596 1671 qui
607 1603 676 1656 male
688 1604 773 1659 factor

165 1674 308 1726 Emendare
320 1678 396 1741 parat
408 1689 497 1724 versuo
504 1691 511 1735 i
528 1672 579 1725 hoc
591 1673 676 1725 lenius
687 1673 742 1743 ille,

162 1744 211 1795 Eat
223 1759 274 1811 quo
286 1742 327 1794 vir
337 1740 436 1807 melior,
448 1740 525 1808 longe
537 1741 657 1794 subtilior
668 1742 722 1809 illo,

164 1812 216 1877 Qui
227 1810 343 1863 multum
355 1826 420 1878 puer
431 1816 459 1861 et
471 1810 532 1861 loria
544 1818 571 1862 et
583 1810 692 1863 funibus
702 1810 763 1865 udis

163 1881 333 1946 Exhortatue,
345 1885 377 1930 ut
389 1884 456 1931 esset
468 1895 543 1947 opem
555 1879 603 1946 qui
613 1880 681 1933 ferre
693 1882 780 1948 politis

163 1949 288 2017 Antiquia
300 1954 387 2017 posset
398 1954 489 1999 contro
500 1947 609 2000 fastidia
620 1955 716 2015 nostru,

164 2018 400 2071 Grammaticorum
405 2017 524 2084 equitum
529 2017 701 2070 doctissimus.
709 2018 906 2073 Utredecmillu

163 2088 265 2207 Nempe
276 2086 447 2154 incomposito
459 2086 516 2137 dixi
528 2085 595 2153 pede
607 2102 708 2139 currere
720 2105 811 2141 versun

165 2158 228 2209 iruci
240 2175 258 2209 1.
294 2155 360 2216 Quis
373 2162 429 2207 tam
441 2154 528 2206 Lucili
540 2154 629 2206 fautor
640 2154 730 2223 inepte
742 2162 790 2223 eet,

165 2226 202 2277 Ut
214 2242 266 2277 non
278 2225 327 2276 hoc
339 2224 471 2276 fateaturl
490 2223 527 2275 At
538 2222 616 2289 idem,
628 2224 698 2291 quod
710 2225 764 2277 sale
776 2225 862 2279 multo

166 2294 261 2347 Urbem
274 2293 404 2360 defricuit,
416 2293 508 2345 charta
520 2291 646 2344 laudatur
657 2292 755 2347 eadem.
901 2292 906 2363 Ι

165 2364 220 2415 Nec
232 2370 320 2415 tamen
335 2363 385 2414 hoc
397 2361 514 2414 tribuens
529 2360 646 2413 dederim
657 2378 761 2430 quoque
773 2368 874 2428 ceteru3
889 2380 906 2415 n

165 2433 201 2484 lit
213 2431 306 2484 Laberi
318 2432 411 2482 mimos
423 2436 453 2483 ut
465 2430 577 2499 pulchra
587 2431 711 2497 poemata
722 2431 808 2486 mirer.

164 2502 234 2569 Ergo
246 2518 298 2552 non
311 2500 374 2552 ratis
386 2506 426 2551 est
437 2500 491 2551 risu
503 2498 627 2550 diducere
639 2498 735 2551 rictum

166 2570 315 2633 Auditorio3
333 2575 360 2620 ct
372 2574 411 2620 est
423 2567 544 2637 quaedam
555 2575 644 2619 tamen
656 2567 700 2618 hic
712 2584 815 2637 quoque
827 2570 906 2623 virtue

165 2640 213 2691 Est
225 2639 353 2691 brevitate
366 2654 438 2705 opus,
450 2642 481 2688 ut
493 2641 582 2688 currat
594 2636 725 2688 sententia
737 2654 790 2690 neu
802 2656 829 2692 oe

163 2709 297 2776 impediat
309 2706 394 2758 verbis
406 2705 487 2757 laesae
498 2704 667 2756 onerantibus
678 2722 769 2769 aurea;

151 2777 190 2831 Et
199 2796 324 2833 sermone
337 2795 405 2849 opus
417 2782 458 2833 est
470 2774 550 2831 modo
562 2774 646 2841 tristi,
654 2775 831 2841 tunulum
