2159 3309
188 254 401 309 SATIRARUM
421 256 461 309 ΙΙ.
480 258 504 309 3.
689 250 740 302 loa

142 355 242 405 stonuit
254 355 370 420 gaudens
382 356 489 406 Bellona
502 356 622 406 cruentis.
649 365 652 371 '

142 423 242 474 ruriam
254 435 281 474 et
293 424 487 475 Nomentanum
499 426 584 491 arripe
597 441 712 476 mecum:

151 492 245 543 stultos
257 494 324 544 ratio
336 493 448 543 insanire
461 503 575 560 nepotes.

142 560 221 629 >cepit
233 561 374 628 patrimoni
386 562 459 613 mille
471 562 581 628 talenta,

142 636 183 681 tor
195 630 241 694 uti,
253 631 391 696 pomarius,
404 648 506 699 auceps,

142 716 158 749 s
169 715 200 750 ac
212 698 289 751 Tusci
302 699 378 750 turba
390 700 471 768 impia
483 700 543 766 vici,

144 766 234 833 fartor,
247 784 307 819 cum
319 767 430 819 Velabro
442 786 518 821 omne
530 767 678 835 macellum,
696 770 748 821 229

143 836 276 889 eveniant.
294 836 363 900 Quid
373 837 447 890 tuml
464 837 581 890 Venere¹²
591 838 748 905 frequentes.

144 920 204 956 eno:
224 905 378 973 “Quidquid
390 907 463 969 mihi,
476 907 607 974 quidquid
619 917 645 959 et
658 908 750 958 borum

147 980 194 1039 est,
202 974 230 1027 id
237 974 312 1026 crede
319 979 395 1025 tuum
401 979 429 1024 et
436 972 478 1026 vel
488 990 558 1025 nunc
567 981 626 1041 pete
634 973 675 1025 vel
683 989 745 1025 cras.

155 1055 246 1096 contra
253 1042 359 1110 juvenis
371 1041 532 1109 responderit
544 1058 647 1109 aequus:

143 1127 213 1164 icaua
225 1110 322 1163 dormis
334 1117 459 1169 ocreatus,
471 1116 502 1159 ut
514 1125 608 1175 aprum

159 1183 189 1229 tu
202 1178 286 1246 pisces
298 1177 406 1229 bibemo
418 1194 452 1229 ex
463 1193 566 1243 aequore
577 1174 672 1239 verris3

143 1246 253 1315 ndignus
266 1246 311 1315 qui
323 1252 428 1298 tantum
440 1245 598 1313 possideam:
616 1244 705 1299 aufer!

143 1316 210 1381 ecies,
223 1315 271 1368 tibi
283 1315 455 1379 tantundem
472 1314 523 1366 tibi
534 1313 639 1382 triplex,

143 1385 219 1437 nedia
231 1385 313 1436 currit
325 1385 358 1435 de
369 1392 445 1436 nocte
457 1383 574 1436 vocata”

143 1453 152 1505 i
164 1453 309 1506 detractam
321 1470 354 1505 ex
366 1470 429 1505 aure
442 1452 565 1519 Metella,

143 1522 212 1575 ,ecies
225 1522 336 1573 solidum
348 1521 494 1574 obsorberct
499 1519 512 1587 ¹,
524 1527 598 1573 aceto
701 1521 753 1571 240

143 1608 196 1643 sem
207 1590 326 1643 baccam:
344 1591 391 1658 qui
404 1591 496 1655 sanior,
508 1607 539 1643 ac
552 1590 574 1642 si

143 1678 163 1711 n
175 1660 296 1727 rapidum
307 1660 405 1712 flumen
413 1663 545 1728 jaceretve
557 1656 690 1711 cloacaml

143 1728 208 1781 enies
220 1728 289 1795 Arri,
301 1746 349 1797 par
360 1729 446 1782 nobile
458 1729 578 1794 fratrum,

144 1796 229 1865 nugis,
242 1816 380 1866 pravorum
392 1804 419 1851 et
430 1815 517 1851 amore
528 1796 678 1865 gemellum,

143 1867 186 1919 liti
198 1867 314 1935 impenso
324 1868 452 1957 prandere
464 1869 605 1934 coemptas,

144 1935 223 1989 eantl
241 1936 322 1989 Sanin
343 1943 421 2002 creta,
433 1954 467 1988 an
480 1936 590 1988 carbone
602 1931 730 1987 notandil

143 2022 200 2067 isos,
213 2004 332 2072 plostello
344 2006 486 2073 adjungere
497 2022 592 2071 mures,

143 2074 233 2142 impar,
280 2074 363 2127 uitare
375 2076 403 2126 in
415 2074 544 2126 arundine
555 2073 642 2140 longa,

144 2149 214 2194 ectct
225 2142 272 2194 bar
290 2150 370 2209 atum,
382 2144 498 2195 amentia
509 2150 602 2195 verset.

149 2211 269 2263 hieratio
281 2229 335 2264 esse
347 2213 449 2265 evincet
461 2228 556 2276 amare,
705 2212 757 2263 250

143 2298 182 2332 sm
194 2280 304 2345 differre,
319 2288 440 2334 utrumne
452 2281 481 2332 in
493 2280 608 2348 pulvere,
620 2278 715 2332 trimus

143 2392 146 2409 ‚
158 2349 233 2402 ludas
246 2367 318 2417 opus,
331 2367 366 2401 an
377 2350 520 2401 meretricis
531 2366 618 2400 amore

145 2435 214 2471 ores:
250 2436 327 2485 uaero,
340 2419 462 2483 faciasne,
474 2418 544 2486 quod
556 2417 619 2469 olim

144 2435 248 2539 lomoni
267 2504 348 2555 ponas
359 2488 474 2555 insignia
485 2486 576 2553 morbi,

144 2556 230 2620 ubital,
242 2556 345 2618 focalia,
358 2563 434 2624 potus
447 2562 477 2608 ut
488 2556 533 2607 ille

144 2624 202 2677 :ollo
214 2626 307 2677 furtim
319 2626 443 2694 carpsisse
455 2640 569 2691 coronas,

144 2701 169 2745 st
180 2694 306 2762 impransi
318 2701 451 2765 correptus
463 2710 525 2755 yoce
535 2692 673 2762 magistril

144 2804 185 2832 'um
197 2805 275 2836 venere
543 2800 553 2835 l
569 2802 692 2841 mmm
