2159 3309
469 277 626 334 HORATII

453 482 580 537 SATIRA
600 483 645 535 VI.

160 596 220 649 Hoc
232 600 288 648 erat
300 594 329 647 iu
341 592 422 647 votis:
440 593 532 645 modus
545 592 602 659 agri
614 609 668 644 non
680 591 719 644 ita
731 607 843 659 magnus,

160 666 261 718 Hortus
272 664 319 716 ubi
331 670 357 715 et
370 668 439 715 tecto
451 663 554 715 vicinus
563 662 635 728 jugis
648 678 725 729 aquae
738 662 796 712 fons

159 733 195 787 Et
206 733 326 803 paullum
339 732 411 784 silvae
425 749 502 799 super
514 730 555 783 his
567 732 641 782 foret.
677 731 790 781 Auctius
801 735 869 797 atque

160 803 196 856 Di
209 802 303 855 melius
314 802 405 854 fecere.
440 801 512 852 Bene
524 806 570 853 est.
606 799 651 850 Nil
664 799 779 867 amplius
791 815 839 864 oro,

160 871 233 923 Mada
245 875 314 937 nate,
327 870 378 921 nisi
390 874 422 922 ut
434 869 539 937 propria
551 869 607 919 haec
619 868 686 919 milri
698 884 810 921 munera
820 864 877 919 faxis

161 939 190 993 si
201 956 286 1008 neque
297 940 421 1007 majorem
434 938 485 990 feci
497 938 599 990 ratione
610 937 682 989 mala
694 954 751 988 rem

161 1008 216 1061 Nec
229 1025 288 1060 sum
299 1009 418 1060 facturus
431 1007 496 1061 vitio
509 1007 619 1074 culpave
631 1005 776 1069 minorem

163 1076 192 1130 si
203 1095 311 1131 veneror
322 1078 421 1130 stultus
432 1076 501 1128 nihil
513 1075 607 1127 borum
620 1093 626 1127 :
645 1075 692 1127 “O
706 1075 728 1126 si
740 1070 877 1141 angulusil

162 1144 301 1199 Proximus
314 1147 428 1212 accedat,
440 1145 487 1213 qui
500 1160 572 1196 nunc
586 1144 725 1195 denormat
737 1143 852 1210 agellum
862 1141 876 1192 l

162 1214 203 1267 “0
212 1216 234 1267 si
241 1233 335 1268 urnam
346 1216 448 1282 argenti
457 1215 510 1265 fors
519 1230 578 1281 quae
587 1212 654 1264 mihi
663 1217 806 1267 monstret!
825 1208 877 1263 uti]

164 1282 296 1336 Thesauro
308 1282 417 1334 invento
429 1281 475 1349 qui
486 1282 661 1334 mercenarius
672 1299 768 1348 agrum

164 1350 246 1405 Illum
257 1351 345 1419 ipsum
357 1356 487 1402 mercatus
499 1351 593 1413 aravit,
606 1351 679 1403 dives
691 1352 776 1402 amico

162 1418 278 1472 Hercule
287 1418 310 1474 !''
325 1419 361 1481 si,
386 1418 436 1471 uod
444 1419 525 1481 adest,
532 1425 640 1484 gratum
644 1416 877 1484 juvat‚hacprecel

162 1486 265 1556 Pingue
277 1503 356 1555 pecus
368 1436 473 1538 domino
485 1485 567 1537 facias
579 1492 606 1536 et
619 1490 705 1537 cetera
718 1492 815 1552 prester

164 1556 313 1625 Ingenium,
325 1560 406 1622 utque
418 1554 490 1620 soles,
503 1560 590 1606 custos
601 1553 668 1605 mihi
679 1554 813 1606 maximus
825 1553 877 1606 adsi

163 1625 233 1693 Ergo
245 1623 291 1676 ubi
303 1641 344 1675 me
356 1623 385 1675 in
397 1628 498 1675 montes
510 1629 537 1675 et
550 1623 578 1674 in
590 1640 677 1674 arcem
689 1640 722 1674 ex
734 1623 800 1675 urbe
812 1640 877 1675 remo

165 1694 234 1758 Quid
246 1692 318 1761 prius
330 1691 461 1744 illustrem
474 1691 561 1743 satiris
572 1707 699 1758 musaque
712 1692 844 1759 pedestril

164 1762 219 1816 Nec
230 1761 301 1814 mala
312 1778 354 1813 me
366 1760 474 1813 ambitio
505 1761 573 1813 erdit
585 1777 633 1812 nec
646 1759 784 1828 plumbeus
797 1762 877 1813 Auste

163 1831 369 1898 Autumnusque
380 1830 474 1897 gravis,
486 1778 610 1882 iibitinae
624 1837 738 1897 quaestus
750 1830 856 1883 acerba.

165 1900 300 1954 Matutine
312 1905 394 1967 pater,
408 1916 453 1950 eeu
465 1898 485 1951 J
486 1915 535 1950 ane
548 1898 673 1950 libentius
685 1898 769 1963 audis,

165 1970 242 2022 Unde
254 1968 372 2021 homines
383 1984 491 2036 operum
521 1967 599 2019 rimos
611 1967 726 2035 vitaque
737 1966 840 2020 labores

165 2039 315 2092 Instituunt
326 2066 362 2077 -
373 2038 411 2090 sic
423 2036 472 2089 Dis
484 1984 613 2105 placitum
624 2064 667 2102 —‚
679 2042 709 2088 tu
722 2036 845 2088 carminis
857 2052 877 2088 es

164 2107 336 2175 Principium.
372 2105 460 2158 Romae
473 2121 622 2173 sponsorem
634 2122 676 2157 me
687 2106 766 2173 rapis.
801 2103 817 2133 “
826 2102 877 2170 Eja

166 2176 193 2230 N
193 2194 207 2229 e
219 2176 290 2245 prior
302 2174 385 2228 officio
398 2175 536 2243 quisquam
548 2174 710 2241 respondeat,
723 2190 795 2241 urge.

165 2244 227 2299 Sive
238 2244 334 2313 Aquilo
346 2244 416 2296 radit
429 2250 511 2295 terras
523 2260 570 2294 seu
581 2242 674 2295 bruma
686 2243 802 2295 nivalem

165 2314 294 2367 Interiore
306 2313 375 2364 diem
387 2330 451 2380 gyro
464 2311 554 2375 trahit,
568 2311 606 2363 ire
618 2328 721 2364 necesse
733 2314 798 2364 est.'’

165 2381 305 2436 Postmodo
317 2381 387 2449 quod
398 2382 436 2432 mi
448 2381 523 2447 obsit,
536 2380 605 2432 clare
616 2386 769 2448 certumque
781 2381 867 2433 locuto

165 2451 332 2504 Luctandum
344 2449 373 2501 in
385 2450 463 2502 turba
475 2456 502 2502 et
513 2449 635 2501 facienda
647 2449 745 2502 in'uria
757 2451 846 2503 tardis.

162 2524 178 2555 “
187 2523 257 2589 Quid
269 2521 316 2586 vis,
329 2520 429 2585 insane,
441 2524 468 2571 et
480 2535 545 2586 quas
557 2535 597 2570 res
606 2516 663 2583 agis
685 2515 699 2539 '’
718 2517 852 2585 improbus
863 2535 877 2569 u

163 2594 244 2647 Iratis
257 2589 393 2659 precibus;
412 2589 466 2640 “tu
478 2586 565 2654 pulses
578 2603 655 2637 omne
667 2586 738 2653 quod
751 2586 843 2654 obstat¹

163 2664 205 2716 Ad
219 2662 392 2714 Maecenatem
405 2655 515 2707 memori
527 2655 549 2705 si
561 2663 650 2706 mente
661 2656 803 2708 recurras.'’

159 2732 221 2786 Hoc
226 2733 309 2802 juvat
321 2734 348 2783 et
360 2726 434 2781 melli
446 2732 502 2792 est,
517 2744 574 2778 nen
582 2727 707 2793 mentiar.
742 2728 778 2777 dt
789 2726 876 2777 simul,

156 2801 274 2859 Ventum
289 2807 330 2858 est
342 2798 492 2873 Esquiliae,
503 2797 596 2852 altena
605 2794 719 2859 aegeus
729 2799 839 2840 eentum
