2159 3309
272 300 527 355 EPISTOLARUll
547 303 570 355 l.
588 306 667 354 3-5.
810 298 861 351 195

243 424 393 476 curemque,
405 407 511 459 timores
524 406 594 458 inter
606 412 632 458 et
644 406 704 471 iras,

227 477 270 529 ede
283 478 353 529 diem
366 476 414 528 tibi
427 476 553 527 diluxisse
566 491 735 543 supremum

222 546 338 612 u'veniet,
351 562 410 613 quae
422 562 474 596 non
487 544 641 613 sperabitur,
653 544 723 595 hora.

217 632 254 666 sm
266 621 293 667 et
305 614 421 666 nitidum
433 613 498 665 bene
510 621 603 665 curata
615 620 676 664 cute
687 613 763 679 vises,

213 701 256 736 ere
268 684 347 752 voles,
359 684 468 753 Epicuri
480 683 513 735 de
524 699 604 751 grege
616 698 732 752 porcum.

211 863 389 919 EPISTOLA
408 866 515 919 V.-sn
528 883 708 930 rosconmon.

198 963 332 1017 Archiacis
345 966 455 1018 conviva
466 965 615 1017 recumbere
627 965 703 1018 lectis

187 1034 238 1086 lica
250 1051 352 1087 coenare
365 1036 441 1086 times
453 1034 511 1086 olus
523 1051 599 1086 omne
610 1035 718 1103 patella,

183 1110 234 1156 ote
246 1103 299 1156 sole
311 1103 389 1169 domi,
402 1104 538 1171 Torquate,
551 1102 669 1157 manebo.

180 1172 221 1225 bes
233 1173 331 1224 iterum
343 1173 428 1224 'lauro
440 1172 536 1237 diffusa
548 1172 679 1240 palustres

173 1241 304 1295 [intumas
316 1241 556 1309 Sinuessanumque
569 1241 714 1295 Petrinum

170 1328 201 1362 us
213 1310 278 1379 quid
290 1310 378 1375 hebes,
390 1327 490 1363 arcesse
501 1310 544 1362 vel
557 1310 697 1379 imperium
708 1310 756 1363 fer.

163 1379 232 1431 idum
244 1380 364 1448 splendet
376 1380 449 1431 focus
462 1386 489 1430 et
500 1379 550 1431 tibi
562 1380 663 1431 munda
674 1379 801 1449 supellex

160 1449 229 1501 leves
242 1466 299 1517 spes
312 1455 339 1500 et
351 1450 496 1501 certamina
507 1448 662 1501 divitiarum

153 1517 217 1569 ›schi
228 1535 350 1571 causam:
369 1536 425 1570 cras
438 1526 501 1569 nato
514 1517 614 1570 Caesare
625 1518 709 1570 festus

150 1588 236 1639 eniam
249 1604 419 1656 somnumque
432 1587 502 1650 dies;
520 1586 629 1655 impune
641 1587 732 1640 licebit
825 1590 859 1640 10

144 1673 196 1707 ram
208 1673 325 1709 sermone
337 1657 451 1724 benigno
464 1656 571 1708 tendere
584 1663 695 1709 noctem.

141 1725 200 1777 mihi
211 1726 354 1791 fortunam,
367 1726 389 1777 si
401 1743 453 1777 non
466 1726 619 1789 conceditur
629 1726 689 1779 util

141 1811 163 1845 is
175 1794 208 1846 ob
220 1794 323 1847 heredis
335 1812 426 1847 curam
438 1796 603 1862 nimiumque
615 1812 720 1849 severus

141 1864 171 1915 let
182 1864 288 1916 insano:
307 1872 398 1932 potare
410 1871 437 1916 et
450 1882 571 1932 sporgere
583 1864 658 1916 flores

141 1933 198 1985 tiam
211 1933 349 2001 patiarque
362 1934 403 1986 vel
416 1934 581 1985 inconsultus
594 1933 691 1986 haberi.

147 2019 200 2053 non
212 2002 324 2053 ebrietas
336 2002 475 2069 designati
512 2002 610 2069 Operta
621 2003 742 2069 recludit,

141 2070 213 2139 jubet
225 2087 279 2123 esse
291 2079 368 2135 ratas,
381 2071 415 2123 ad
429 2071 520 2140 proelia
533 2071 618 2123 trudit
631 2074 760 2136 inertcm;

141 2140 189 2191 titis
201 2140 297 2191 animis
309 2157 375 2192 onus
388 2141 488 2206 eximit,
500 2140 611 2193 addocet
623 2150 699 2193 artes.

141 2209 182 2261 udi
194 2208 288 2261 calices
301 2226 378 2276 quem
391 2227 443 2261 non
455 2210 541 2261 fecere
553 2210 697 2262 disertum?

141 2285 204 2331 acta
216 2293 294 2345 quem
307 2279 400 2330 nonin
414 2287 569 2347 paupertate
582 2279 717 2332 solutuml
821 2283 856 2333 20

142 2364 189 2415 ego
201 2364 339 2415 procurare
352 2354 378 2399 et
390 2348 498 2399 idoneus
512 2348 624 2415 imperor
636 2358 663 2401 et
676 2367 729 2402 non

141 2433 176 2482 us,
188 2433 222 2468 ne
234 2423 313 2485 turpe
326 2416 400 2481 toral,
413 2433 447 2467 ne
460 2417 564 2468 sordido
575 2435 672 2486 mappa

143 2493 189 2605 ἔοι
201 2502 284 2550 nares,
297 2503 330 2537 ne
343 2503 395 2537 non
409 2494 435 2537 et
448 2486 590 2538 cantharus
602 2497 629 2539 et
641 2488 706 2540 lanx

141 2573 146 2605 ι
163 2561 192 2607 st
204 2554 255 2606 tibi
267 2564 301 2620 te,
314 2572 347 2606 ne
359 2555 424 2606 fidos
437 2556 506 2606 inter
518 2557 615 2608 amicos

141 2623 246 2676 addicta
258 2623 327 2675 foras
340 2624 465 2687 eliminet,
479 2632 509 2675 ut
522 2627 597 2676 cocat
610 2643 657 2693 par

141 2699 252 2761 aturque
264 2693 329 2761 pari
364 2693 476 2746 Butram
489 2693 538 2745 tibi
551 2693 755 2763 Septiciumque,

141 2761 244 2813 decena
252 2762 330 2831 prior
338 2762 480 2836 potiorque
492 2762 586 2836 puella
594 2763 729 2819 Sabinum
