2159 3309
339 277 407 332 Ans
424 277 582 332 Ponrrcn.
799 278 850 331 241

118 382 177 434 hiae
189 386 313 435 emuncto
324 380 426 433 lucrata
438 381 543 433 Simone
556 381 693 448 talentum,

121 461 207 503 castos
219 450 384 518 famulusque
397 451 445 501 Dei
458 451 561 502 Silenus
573 451 682 502 alumni.

121 530 182 572 noto
194 520 286 572 fictum
299 536 403 571 carmen
416 537 514 587 sequar,
528 530 559 571 ut
571 518 620 570 sibi
633 519 719 586 quivis
802 518 855 569 240

117 598 160 641 ret
172 589 249 655 idem,
262 588 339 640 sudet
347 589 460 640 multum
473 589 622 656 frustraque
634 588 734 640 laboret

116 675 156 710 sue
169 658 252 710 idem:
271 664 376 709 tanturn
389 659 466 708 series
475 659 654 724 junctumque
666 657 755 725 pollet,

116 734 184 779 ntum
197 727 229 779 de
240 726 326 778 medio
338 726 448 793 eumptis
460 726 562 778 accedit
574 727 685 779 honoria.

116 796 149 848 rie
160 796 268 848 deducti
280 803 390 847 caveant
402 812 443 847 me
451 796 542 862 judice
555 796 648 862 Fauni,

126 865 198 917 velut
209 864 296 916 innati
308 864 393 915 triviis
404 881 435 915 ac
447 881 521 932 paene
533 865 648 917 forenses

115 940 129 986 t
138 934 249 986 nimium
260 933 356 984 teneris
364 936 526 1000 juvenentur
538 934 653 985 versibus
666 950 791 1002 unquam,

115 1009 129 1055 t
140 1002 275 1055 immunda
287 1009 394 1070 crepent
406 1002 629 1070 ignominiosaque
641 1003 728 1067 dicta3

115 1070 250 1125 t'anduntur
262 1072 339 1137 enim,
352 1071 446 1138 quibua
458 1080 498 1123 eet
510 1089 591 1139 equae
604 1078 630 1123 et
642 1080 717 1152 pater
729 1078 756 1123 et
767 1086 818 1135 ree,

115 1157 137 1207 c,
149 1142 171 1193 ei
183 1140 247 1208 quid
258 1140 330 1192 fricti
343 1140 432 1191 ciceris
445 1140 537 1208 probat
550 1146 577 1192 et
588 1158 663 1192 nuere
675 1148 783 1209 emptor,

114 1210 168 1277 quis
179 1209 314 1276 accipiunt
326 1209 420 1261 animis
433 1209 564 1261 donantve
576 1225 676 1262 corona
809 1209 862 1262 250

115 1277 183 1331 llaba
193 1278 273 1345 longa
284 1278 356 1329 brevi
368 1278 484 1345 subjecta
496 1286 604 1330 vocatur
616 1277 725 1345 iambus,

114 1348 221 1411 acitue3
239 1346 310 1398 unde
321 1347 403 1399 etiam
415 1348 539 1399 trimetris
552 1365 696 1400 accrescere
704 1346 786 1416 jussit

114 1434 178 1469 »men
189 1415 305 1481 iambeie‚
317 1433 400 1483 quum
411 1433 484 1468 oenoe
497 1417 617 1469 redderet
628 1417 696 1469 ictus

114 1485 181 1538 imus
193 1485 227 1537 ad
239 1493 386 1537 extremum
398 1485 490 1536 similis
502 1484 559 1537 eibi
594 1486 653 1538 Non
666 1487 704 1538 ita
715 1484 826 1554 pridem,

113 1554 185 1607 rdior
196 1559 229 1606 ut
240 1553 330 1622 paullo
341 1554 496 1621 graviorque
508 1554 611 1606 veniret
622 1555 656 1606 ad
668 1572 752 1623 auree,

113 1624 210 1678 ondeos
222 1622 327 1675 etabilee
339 1624 367 1674 in
376 1624 438 1690 jura
450 1629 560 1691 paterna
571 1624 670 1692 recepit

113 1692 234 1745 mmodue
245 1700 273 1744 et
284 1692 394 1759 patiens,
407 1709 459 1743 non
472 1702 502 1743 ut
513 1692 546 1743 de
558 1693 618 1744 cede
631 1692 746 1746 secunda

112 1762 188 1815 deret
199 1767 247 1815 aut
260 1769 354 1827 quarta
366 1761 501 1814 socialiter.
537 1761 590 1813 Hic
602 1770 629 1813 et
641 1762 669 1814 in
682 1761 747 1816 Acci

112 1830 218 1885 >bilibus
230 1830 355 1882 trimetria
367 1838 477 1898 apparet
487 1847 571 1892 rarus,
582 1837 610 1881 et
623 1829 696 1883 Enni

112 1930 115 1953 i
127 1916 230 1953 scenam
242 1899 332 1951 missos
344 1916 404 1952 cum
416 1916 511 1966 magno
523 1899 637 1967 pondere
649 1914 746 1969 verene,
815 1898 869 1951 260

112 1976 136 2023 at
147 1985 231 2038 operae
243 1968 334 2021 celeria
346 1968 457 2019 nimium
469 1984 584 2034 curaque
597 1969 718 2039 carentis,

111 2045 138 2092 at
149 2038 275 2106 ignoratae
287 2037 383 2105 premit
395 2037 459 2089 artie
471 2037 579 2089 crimine
592 2038 671 2106 turpi

111 2125 141 2161 on
153 2107 239 2175 quivis
251 2106 322 2159 videt
334 2105 506 2158 immodulata
517 2108 641 2174 poe'mata
650 2106 741 2174 judex,

111 2176 193 2231 tdata
205 2174 329 2229 Romania
341 2175 417 2226 venia
428 2182 468 2226 eet
479 2175 589 2241 indigna
600 2176 693 2243 poetis.

111 2246 217 2299 tcircone
229 2260 309 2311 vager
320 2244 482 2311 scribamque
494 2244 619 2296 licenteri
638 2262 673 2296 an
685 2258 774 2297 omnen
786 2253 792 2275 ¹

111 2316 193 2368 ieuroe
204 2321 312 2383 peccata
324 2320 415 2380 putem
427 2330 492 2379 mea,
505 2319 580 2364 tutus
592 2320 619 2364 et
630 2314 702 2366 intra

110 2401 163 2455 pem
175 2383 259 2436 veniae
271 2381 382 2435 cautuei
401 2382 491 2435 Vitari
503 2382 616 2448 denique
628 2382 742 2450 culpam,

112 2471 145 2507 on
157 2452 263 2504 laudem
275 2451 366 2504 merui.
402 2451 453 2503 Voe
466 2451 626 2518 exemplaria
639 2453 729 2505 Graeca

110 2524 224 2575 *octurna
235 2529 336 2573 versate
347 2538 436 2584 manu,
449 2527 550 2572 versate
563 2521 665 2574 diurna.

112 2599 124 2644 t
135 2591 216 2644 ventri
227 2590 318 2657 proavi
330 2589 468 2641 Plautinos
481 2601 506 2641 et
518 2607 640 2643 numeros
652 2596 679 2642 et
822 2593 875 2645 270

109 2661 240 2713 nudavere
252 2659 331 2711 ealce:
348 2658 460 2710 nimium
472 2660 603 2727 patienter
616 2665 764 2730 utrumque,

109 2731 129 2782 Te
141 2730 226 2780 dicam
238 2728 326 2791 etnlte,
338 2727 436 2795 mirati,
448 2727 471 2780 ei
482 2728 560 2781 modo
571 2744 620 2799 ego
631 2735 661 2782 et
670 2746 720 2783 aaa

109 2797 182 2845 atnoe
192 2795 356 2849 inurbanum
366 2796 459 2869 lepido
472 2816 604 2874 seponere
615 2801 704 2867 ciero,

108 2874 170 2911 eon.
483 2892 506 2932 R
