2159 3309
239 292 490 346 EPISTOLARUM
510 290 549 343 ΙΙ.
569 294 592 344 1.
756 293 807 343 225

136 410 173 444 rm
184 394 284 459 mugire
296 404 372 460 putes
384 410 474 444 nemus
486 398 534 443 aut
545 407 616 441 mare
628 389 749 457 Tuscum,

136 479 179 513 um
192 463 302 529 strepitu
314 461 369 512 ludi
383 468 533 527 spectantur
546 467 572 511 et
584 466 653 510 artus

139 547 181 598 rue
192 530 342 596 peregrinae,
355 530 450 596 quibus
462 528 559 579 oblitus
571 539 643 579 actor

137 598 197 650 tetit
209 599 237 649 in
249 615 333 663 scena,
346 599 477 649 concurrit
488 598 597 648 dextera
610 597 686 646 laerae.

136 664 197 715 lhuc
208 665 306 732 aliquid
314 666 402 714 l-hil
417 664 581 723 sune—Quid
594 664 679 730 placet
691 659 803 729 ergol-

136 731 248 783 trentino
260 732 340 783 violas
352 731 456 783 imitate
468 749 574 783 veneno.

136 807 186 852 >rte
198 807 274 867 putes
286 817 334 863 me,
347 818 405 867 quse
418 802 502 851 facere
514 802 569 867 ipse
581 816 703 866 recusem,

136 875 191 920 ecte
203 875 317 920 tractent
329 869 382 932 alii,
395 868 501 920 laudare
513 869 641 931 maligne:

142 943 279 989 extentum
291 938 381 988 funem
393 938 458 987 mihi
471 954 544 1003 posse
556 938 660 988 videtur
756 938 807 987 210

136 1022 164 1071 ut,
176 1022 263 1057 meum
276 1006 321 1072 qui
334 1012 425 1072 pectus
437 1006 551 1055 inaniter
562 1006 645 1071 angit,

137 1073 239 1137 mulcet,
251 1074 324 1125 falsis
336 1073 475 1125 terroribus
488 1073 587 1139 implet,

137 1159 172 1207 us,
185 1147 212 1194 et
223 1142 298 1193 modo
310 1159 352 1193 me
364 1142 464 1205 Thebis,
477 1142 553 1192 modo
565 1142 640 1208 ponit
653 1141 769 1193 Athenis

137 1227 183 1277 ege
194 1216 221 1262 et
233 1210 281 1276 his,
295 1212 339 1277 qui
352 1228 379 1261 se
391 1210 481 1261 lectori
493 1210 596 1260 credere
607 1210 711 1261 malunt

137 1280 273 1346 pectetoris
284 1279 392 1330 fastidia
403 1280 470 1330 ferre
482 1278 593 1345 superbi,

137 1348 210 1399 redde
222 1347 333 1413 brevem,
346 1348 367 1398 si
380 1365 476 1399 munus
490 1347 608 1414 Apolline
620 1346 731 1413 dignum

137 1416 211 1482 rplere
223 1415 296 1467 libris
308 1423 335 1467 et
348 1417 451 1467 ratibus
464 1416 558 1467 addere
570 1415 662 1480 calcar,

137 1485 161 1536 io
173 1486 269 1551 majore
281 1491 374 1551 petunt
387 1484 514 1536 Helicone
526 1485 661 1535 virentem.

137 1553 230 1621 {uidem
242 1551 315 1604 nobis
327 1554 438 1604 facimus
449 1554 519 1605 mele
531 1570 599 1620 seepe
611 1554 705 1619 poetae,
718 1579 753 1589 -

137 1622 373 1688 teegometcaedem
381 1639 480 1686 mee-,
489 1638 571 1689 quum
580 1622 629 1672 tihi
638 1621 734 1672 librum
758 1622 809 1670 220

137 1690 245 1741 »demus
256 1697 303 1741 eut
314 1690 395 1752 fesso;
413 1707 494 1758 quum
507 1690 633 1751 ludimur,
646 1707 729 1740 unum

137 1758 277 1810 amicorum
289 1765 329 1810 est
340 1776 418 1810 ausus
430 1759 617 1826 reprehendere
629 1775 746 1821 versum

136 1844 182 1878 oce
190 1828 246 1894 jem
258 1827 368 1878 recitata
379 1828 534 1879 revolvimus
547 1828 696 1890 irrevocati3

136 1901 301 1947 amentemur
314 1912 365 1946 uon
377 1913 500 1963 apparere
513 1896 612 1947 labores

145 1969 172 2016 et
184 1964 257 2015 tenui
270 1963 382 2015 deducte
394 1967 514 2032 poemate
526 1964 585 2026 fi10;

137 2049 260 2100 iperamus
272 2049 368 2083 eorem
381 2041 525 2093 venturum,
538 2040 570 2084 ut
582 2033 659 2083 simul
672 2038 751 2100 etque

137 2120 148 2153 s
159 2101 275 2152 rescieris
286 2118 333 2151 nos
344 2102 448 2167 fingere.
462 2102 609 2152 commodus
622 2101 691 2152 ultro

137 2187 146 2221 s
158 2174 185 2221 et
197 2186 272 2236 egere
284 2176 354 2221 vetes
367 2178 393 2221 et
405 2169 514 2221 scribere
526 2186 609 2235 coges.

137 2255 178 2289 ren
190 2244 229 2289 est
241 2254 325 2305 operae
337 2239 449 2305 pretium
463 2255 621 2304 cognoscere,
634 2237 723 2306 queles

138 2324 149 2356 s
160 2306 256 2358 habeat
269 2306 330 2358 belli
342 2313 459 2374 spectate
471 2307 593 2373 domique

137 2375 242 2441 indigno
253 2391 305 2426 non
318 2375 503 2426 committenda
517 2378 608 2442 poitoe.

139 2443 287 2495 Alexandro
299 2445 354 2511 regi
367 2444 464 2509 Magno
476 2446 528 2495 fuir
541 2444 586 2495 ille

138 2529 164 2577 rs,
176 2512 283 2563 incultis
296 2514 340 2580 qui
353 2513 468 2564 versibus
480 2522 507 2564 et
519 2514 587 2564 male
599 2513 670 2564 natis

138 2589 145 2632 t
156 2589 283 2649 acceptos,
294 2582 381 2649 regale
393 2583 528 2642 nomisma,
543 2583 684 2649 Philippos.

138 2650 176 2700 uti
188 2656 301 2701 tractata
312 2659 401 2701 notam
414 2650 550 2718 labemque
562 2653 702 2702 remittunt

138 2724 190 2781 nte,
203 2719 258 2769 fere
269 2719 405 2787 scriptores
417 2721 533 2772 carmine
544 2720 614 2772 itudo
788 2772 793 2781 ,

138 2784 161 2835 h
174 2782 247 2838 mete
258 2786 358 2843 linunt.
398 2790 478 2844 Idem
488 2810 541 2845 rex
550 2790 609 2856 ille,
618 2791 722 2859 poem

433 2882 455 2931 Q
