2159 3309
191 284 244 340 196
505 289 658 345 nonum

187 390 305 458 Detinet,
317 409 462 457 assumam3
480 393 551 446 locus
563 401 603 447 est
614 401 642 447 et
653 395 775 463 pluribus
786 395 890 460 umbiiu

188 459 239 512 Sed
251 462 329 513 nimis
341 472 414 514 arcta
426 471 550 530 premunt
562 464 638 515 olidae
650 466 772 517 convivia
785 483 872 547 caprea

188 528 235 595 Tu,
248 539 344 598 quotus
357 549 411 583 esse
424 532 495 597 velis,
507 533 619 584 rescribe
632 541 659 585 et
670 533 749 586 rebus
762 551 860 587 onusus
925 529 950 581 3⁰

187 597 265 652 Atria
277 607 424 653 servantem
436 602 536 670 postico
548 602 611 654 falle
623 602 755 657 clientem.

332 779 511 837 EPISTOLA
530 783 652 836 VL-An
666 798 821 836 uumcsuu.

186 881 242 936 Nm
254 882 378 936 admirari
391 901 470 951 prope
482 901 523 936 res
535 889 575 937 est
586 901 648 952 una,
660 883 776 953 Numici,

186 952 305 1020 Solaque,
318 969 378 1021 quae
390 954 472 1021 possit
484 954 570 1005 facere
582 960 609 1005 et
621 971 723 1006 servare
736 953 851 1008 beatum.

186 1020 267 1072 Hunc
279 1021 359 1073 solem
371 1028 398 1074 et
411 1022 499 1074 stellas
512 1028 540 1074 et
552 1022 706 1074 decedentia
718 1024 797 1075 certis

186 1089 313 1158 Tempora
324 1092 463 1144 momentis
477 1097 539 1143 sunt
551 1092 597 1159 qui
608 1092 749 1144 formidine
760 1092 837 1145 nulla

187 1158 287 1211 Imbuti
299 1167 431 1229 spectent:
450 1160 514 1228 quid
526 1177 614 1212 censes
626 1178 735 1213 munera
747 1166 831 1226 terroe,

186 1228 256 1291 Quid
268 1230 347 1282 maris
359 1236 489 1282 extremos
501 1228 602 1281 Arabas
614 1229 725 1282 ditantis
738 1237 766 1281 et
778 1230 864 1297 Indos,

185 1296 298 1351 Ludicra
310 1299 382 1367 quid,
394 1299 502 1368 plausus
514 1305 542 1350 et
554 1298 631 1350 amici
644 1299 713 1351 dona
726 1298 844 1365 Quiritis,

186 1366 243 1430 Quo
256 1369 398 1435 spectanda
409 1368 493 1434 modo,
506 1384 558 1435 quo
571 1384 648 1419 sensu
660 1368 744 1419 credis
757 1374 785 1420 et
797 1367 856 1421 orei

186 1436 237 1498 Qui
249 1436 326 1489 timet
337 1438 379 1489 his
391 1437 506 1504 adversa,
518 1437 574 1488 fere
585 1436 698 1488 miratur
709 1436 809 1504 eodem,

185 1505 242 1569 Quo
254 1506 361 1587 cupiens
373 1512 465 1575 pacto;
483 1522 565 1574 pavor
576 1513 616 1557 est
628 1504 767 1574 utrobique
778 1506 906 1573 molestus,
928 1498 951 1553 1⁰

185 1574 330 1643 Improvnsa
341 1576 420 1627 simul
432 1575 529 1643 species
541 1580 656 1626 exterret
667 1581 819 1655 utrumque

185 1643 304 1696 Gaudeat
316 1661 351 1697 an
363 1644 457 1710 dolcat,
470 1644 561 1712 cupiat
573 1648 716 1710 metuatne,
729 1643 794 1711 qu1d
806 1643 840 1697 ad
851 1659 909 1710 rem,

183 1712 219 1778 Si,
232 1713 359 1781 quidquid
372 1712 440 1765 vidit
451 1713 546 1764 melius
558 1714 665 1780 pejusve
678 1729 725 1764 sua
737 1729 790 1781 spe,

183 1780 283 1835 Defixis
296 1782 377 1834 oculis
390 1782 527 1849 animoque
540 1787 567 1834 et
579 1798 685 1849 corpore
697 1781 802 1850 torpeti

184 1849 275 1903 Insani
287 1851 389 1920 sapiens
402 1867 497 1903 nomen
508 1851 584 1916 ferat,
597 1867 687 1918 aequus
699 1849 793 1918 iniqui,

183 1919 261 1972 Ultra
274 1938 353 1989 quam
366 1919 429 1972 satis
441 1926 481 1973 cst
492 1920 620 1972 virtutem
632 1919 654 1970 si
666 1925 741 1987 petat
752 1919 845 1988 ipsam.

148 2029 150 2034 .
183 1989 198 2040 I
210 2007 288 2056 nunc,
300 1997 438 2058 argentum
451 1996 478 2041 et
489 2006 603 2040 marmor
615 1995 690 2040 vetus
703 2004 807 2056 araque
819 1998 847 2042 ct
858 1992 920 2041 uos

183 2058 298 2127 Suspice,
311 2077 371 2111 cum
384 2059 493 2127 gemmis
506 2058 597 2126 Tyrios
609 2058 704 2109 mirare
716 2057 814 2110 colores
821 2076 828 2121 ;

184 2128 282 2195 Gaude,
294 2129 363 2197 quod
377 2133 497 2197 spectant
509 2127 579 2178 oculi
591 2132 618 2179 te
629 2126 703 2177 mille
715 2125 880 2193 loquentem

183 2198 289 2249 Gnavus
301 2216 378 2250 mane
389 2199 475 2249 forum
488 2203 515 2248 et
527 2195 692 2264 vespertinus
704 2201 764 2263 pete
777 2201 884 2263 tectum,
928 2187 954 2242 10

182 2265 225 2318 Ne
237 2267 296 2334 plus
308 2266 435 2319 frumenti
448 2266 578 2318 dotalibus
591 2271 689 2316 emetat
701 2264 771 2331 agris

182 2334 275 2387 Mutus
288 2341 321 2401 et,
334 2336 481 2403 indignum,
495 2334 565 2402 quod
578 2335 612 2386 sit
624 2332 756 2401 pejoribus
768 2339 848 2402 ortus,

182 2404 235 2456 Hic
247 2404 296 2456 tibi
309 2406 344 2457 sit
374 2407 441 2458 otius
454 2422 532 2473 quam
546 2410 577 2456 tn
588 2402 715 2453 mirabilis
728 2402 775 2454 illi.

182 2473 314 2539 Quidquid
327 2424 375 2526 sub
388 2485 456 2526 terra
468 2479 514 2539 cst,
526 2474 555 2524 in
568 2472 686 2541 apricum
699 2472 813 2539 proferet
825 2478 899 2533 aetas3

181 2543 303 2596 Defodiet
316 2544 461 2610 condetque
474 2542 594 2594 nitentia.
631 2541 719 2604 Quum
732 2539 798 2592 bene
810 2547 900 2593 notum

180 2611 300 2664 Porticus
312 2613 435 2681 Agrippae
449 2618 475 2664 et
487 2612 531 2663 via
543 2617 570 2663 te
582 2608 745 2677 conspexerit
757 2609 839 2678 Appi,

179 2682 223 2734 Ire
235 2688 324 2734 tamen
336 2689 425 2748 restat,
438 2682 526 2734 Numa
539 2697 590 2748 quo
603 2678 709 2730 devenit
721 2685 749 2730 ct
760 2679 858 2733 Ancus.

166 2750 200 2804 Εἰ
208 2752 284 2806 latus
296 2759 346 2808 aut
358 2771 434 2808 renes
447 2750 538 2807 morbo
550 2754 688 2803 tentantuu
699 2753 788 2812 acuto,

157 2820 256 2885 Ouaetc
267 2826 369 2901 fugam
383 2826 482 2884 morbi.
517 2824 572 2879 v'u
582 2828 658 2875 necto
667 2816 773 2871 sinete:
789 2814 850 2881 uuis
856 2810 924 2863 nont
