2159 3309
422 269 504 323 HOR,
523 266 593 321 Sor.
612 265 649 318 II.
669 266 692 317 1.
895 252 946 308 157

163 353 953 489 Qunmsibiquispuetimet,quemquamestintactus,etodit.”

162 434 177 460 ‘⁴
185 435 257 497 Quid
267 437 364 490 fecium
419 435 505 488 Saltat
517 434 650 493 Milonius,
662 440 694 486 ut
706 430 785 484 semel
797 432 850 481 icto

119 559 124 570 ,
163 495 279 555 Accessit
289 503 377 556 fervor
387 504 470 571 copiti
481 520 657 571 numerusque
669 502 789 554 lucernis.

121 583 125 588 ·
164 564 255 651 (leston
264 572 364 638 gaudet
375 572 449 639 equis
456 590 463 635 ;
482 588 529 623 ovo
542 578 686 640 prognatus
698 571 789 623 eodem

272 659 279 704 ;
296 646 404 708 quotes
422 640 490 691 itum
501 641 603 708 vivunt,
616 641 726 693 totidem
738 638 885 692 studiorum

108 743 111 748 -
194 705 235 720 “”
292 709 338 761 Me
349 658 459 777 pedibus
472 708 585 762 delectat
598 708 717 761 claudere
728 708 808 762 verbu

167 767 251 829 lucili
262 777 317 830 ritu
329 777 449 830 nostrum
461 777 575 829 melioris
587 785 705 845 utroque.

167 836 217 895 llle
228 846 299 899 velut
310 846 370 899 fidis
382 863 478 899 arcens
489 846 621 898 sodalibus
633 846 696 898 olim
920 847 955 899 30

169 907 293 968 tredebu
303 915 393 980 libris,
411 932 496 984 neque
508 916 530 966 si
543 915 611 967 male
624 920 742 982 cesserat,
754 932 872 984 unquam

169 973 312 1036 Decurrsns
323 984 383 1051 alio,
396 1000 481 1051 neque
494 984 516 1035 si
527 983 593 1035 bene
600 1002 607 1047 ;
626 1000 676 1051 quo
688 983 727 1048 fit,
739 991 771 1036 ut
782 984 866 1036 omnis

171 1043 263 1105 lotiva
273 1059 365 1122 pateat
377 1053 461 1106 veluti
473 1052 605 1121 descripta
616 1051 714 1104 tabells

173 1112 234 1172 lits
244 1122 317 1177 senis.
352 1122 450 1191 Sequor
462 1122 534 1173 hunc
547 1122 669 1173 Lucanus
681 1138 716 1172 an
732 1120 834 1189 Apulus
846 1137 956 1190 anceps:

95 1242 102 1252 ,
174 1179 238 1241 llam
249 1189 397 1243 Venusinus
409 1197 467 1243 orat
479 1190 559 1242 finem
571 1189 620 1242 sub
632 1196 773 1257 utrumque
785 1188 898 1256 colonus,

85 1259 95 1268 '
177 1247 264 1311 llissus
274 1260 371 1312 adhoc
383 1260 473 1328 pulsis,
486 1266 562 1311 vetus
574 1265 614 1311 est
626 1265 657 1310 ut
668 1257 746 1324 fama,
759 1257 876 1326 Sabellis,

85 1655 215 1754 {³1⁴⁰

85 1351 95 1378 ·.
181 1317 271 1446 {pne
282 1346 330 1397 per
341 1346 457 1382 vacuum
470 1329 586 1380 Romano
598 1328 742 1378 incurreret
754 1327 842 1391 hostis,

185 1398 312 1519 situl
323 1397 491 1518 4ιώῗέωὲ
501 1396 760 1517 ibquiihuilnl
771 1395 920 1516 “liba

185 1483 507 1604 ngsrllbilinanseni
515 1540 542 1587 et
553 1482 692 1586 pespeppti
704 1481 833 1586 cbstopdeieet
844 1533 913 1585 ensis
924 1536 959 1585 40

184 1587 273 1666 ltglna
284 1609 385 1668 tectus;
403 1620 481 1672 quem
493 1621 540 1655 cur
552 1604 713 1671 destringere
725 1619 803 1655 coner

214 1671 253 1723 lus
264 1673 298 1725 ub
308 1672 413 1725 infestis
424 1672 586 1725 latronibus?
622 1672 644 1725 Ο
656 1678 731 1741 peter
743 1678 770 1724 et
782 1688 830 1723 rex

85 1757 91 1769 ·
181 1725 286 1807 Jupiter,
298 1749 331 1794 ut
342 1748 433 1811 pereat
444 1742 560 1809 positum
571 1741 693 1808 rubigine
705 1740 796 1807 telum,

85 1805 98 1840 λ
178 1793 226 1885 llep
237 1810 375 1880 quisquam
386 1816 479 1862 noceat
491 1810 586 1877 cupido
597 1810 664 1861 mihi
676 1810 761 1878 pacis!
799 1810 835 1861 At
846 1808 899 1875 ille,

232 1892 277 1932 ms
288 1879 432 1946 commorit,
445 1879 571 1948 (‘ll1elius
582 1899 636 1933 non
647 1889 694 1933 tan
714 1900 756 1934 ero
766 1882 782 1938 l'
800 1878 903 1945 clamo,)

202 1937 261 1998 ellit
271 1952 298 1999 ot
308 1947 420 2014 insignis
432 1952 489 1998 tota
500 1945 652 1998 cantabitur
664 1900 734 1997 urbe.

235 2010 277 2067 'us
288 2016 371 2068 irstus
383 2015 453 2083 leges
464 2014 603 2066 minitatur
615 2019 641 2066 et
654 2030 753 2081 urnam,

222 2076 281 2137 'dis
292 2083 395 2150 Albuti,
408 2083 503 2152 quibus
515 2089 555 2134 est
566 2083 680 2149 inimice,
692 2099 831 2147 venenum,

167 2133 387 2206 (landemarum
399 2152 501 2219 liuius,
513 2152 535 2203 si
548 2152 612 2220 quid
624 2168 651 2203 se
659 2151 749 2219 judice
761 2159 850 2204 certes

164 2199 205 2274 Ul,
221 2231 280 2285 quo
310 2222 402 2290 uisque
414 2221 492 2287 valet,
505 2226 637 2288 suspectos
650 2225 753 2285 terreat,
766 2226 849 2287 utque
925 2224 960 2273 50

160 2240 317 2346 1¹¹¹1³<÷retl1

318 2308 348 2345 oc
360 2297 456 2343 natura
467 2297 568 2358 potens,
577 2290 614 2340 sic
626 2288 719 2355 collige
730 2305 847 2341 mecum:

155 2333 257 2407 9⁰¹1ss
267 2358 354 2429 lupus,
367 2376 448 2412 cornu
460 2366 552 2410 taurus
565 2358 632 2425 petit
639 2376 647 2421 ;
664 2357 735 2410 unde
747 2358 798 2409 nisi
810 2359 882 2410 intus

152 2401 365 2483 M⁰n⁸trstumt
401 2427 497 2480 Seaevae
509 2428 628 2480 vivacem
639 2426 714 2478 crede
726 2426 815 2495 nepoti

150 2469 303 2560 mamm
321 2494 360 2547 nil
372 2494 451 2546 faciet
463 2493 565 2547 sceleris
577 2495 622 2563 pia
633 2495 748 2560 dextere,
762 2497 878 2564 (mirum,

149 2535 188 2593 Ut
198 2563 300 2630 ntque
308 2563 378 2617 culce
386 2563 464 2631 lupus
472 2581 629 2631 quemquem
635 2582 719 2632 neque
727 2564 805 2619 dente
812 2568 880 2635 petit
886 2565 932 2621 bos
940 2566 959 2632 3)

138 2669 186 2727 Ne

141 2603 204 2664 &d
221 2635 303 2688 mals
315 2634 391 2686 tollet
403 2650 483 2684 snum
494 2632 588 2684 vitiato
600 2632 677 2684 melle
689 2633 782 2686 cicuta

129 2683 330 2799 &longum
342 2701 452 2756 faciam:
470 2718 517 2755 seu
527 2718 571 2755 me
582 2702 733 2771 tranquilla
742 2705 867 2754 senectus

198 2767 308 2825 necas
318 2788 367 2825 seu
379 2789 452 2829 mors
464 2774 534 2831 atris
546 2773 731 2831 circumens
741 2772 807 2841 abis,
