2159 3309
167 291 218 350 218
400 291 483 345 HOR.
502 289 613 343 EPIST.
631 290 653 343 1.
671 293 713 345 20.

162 394 269 448 Ridebic
280 395 394 447 monitor
405 412 458 447 non
471 396 619 461 exauditus,
632 401 664 448 ut
675 396 729 464 ille,

161 464 213 528 Qui
224 464 293 517 male
305 470 441 533 parentem
453 464 482 516 in
493 481 571 532 rupee
584 466 711 532 protrusit
725 466 834 518 asellum

160 533 261 587 Iratus:
280 533 337 602 quis
349 534 420 585 enim
431 533 548 585 invitum
560 550 662 586 servare
674 534 792 587 laboret?

160 602 219 655 Hoc
232 620 334 672 quoque
347 609 374 654 te
386 609 483 668 menet,
495 607 527 653 ut
538 619 632 721 {ueros
644 603 776 657 clemente
787 605 903 656 docentem

160 672 277 740 Occupet
289 671 412 724 extremis
424 671 453 723 in
466 670 529 723 vicie

160 741 248 805 Quum
261 741 310 793 tibi
323 740 360 792 eol
373 740 478 809 tepidus
490 738 579 808 plures
591 740 738 794 admoverit
750 759 832 806 auree,

158 809 204 862 Mc
216 810 338 862 libertino
350 815 444 861 natum
456 817 531 877 patre
544 810 611 861 etin
623 810 699 862 tenui
711 827 740 863 re
896 806 922 857 20

159 878 272 947 Majoree
284 895 383 946 pennae
395 878 457 929 nido
470 878 619 930 extendisse
631 878 753 947 loqueris,

159 947 197 1000 Ut
210 954 338 1015 quantum
351 946 440 1015 generi
453 947 550 1014 demas,
562 947 706 1000 virtutibus
718 949 817 1013 eddee3

158 1014 204 1068 Me
216 1016 307 1085 primis
320 1016 397 1069 Urbis
408 1014 472 1076 belli
483 1016 613 1085 pIacuieee
625 1017 763 1085 domique;

159 1085 277 1154 Corporis
289 1085 387 1153 exigui,
400 1102 558 1153 praecanum,
571 1086 668 1138 colibus
680 1092 784 1155 aptum,

159 1153 241 1207 Irasci
253 1154 370 1220 celerem,
382 1159 473 1206 tamen
485 1159 518 1206 ut
529 1154 666 1222 placabilis
678 1172 768 1209 essem.

158 1223 237 1276 Forte
244 1241 333 1276 meum
346 1223 368 1276 ei
380 1224 439 1291 quie
451 1228 478 1274 te
490 1224 689 1291 percontabitur
701 1241 796 1292 aevum,

158 1292 204 1345 Me
216 1299 309 1361 quater
321 1292 438 1344 undenos
451 1291 516 1344 sciet
529 1292 678 1373 implevisse
690 1294 852 1358 Decembres,

159 1361 291 1432 Collegem
303 1362 432 1431 Lepidum
444 1378 496 1431 quo
509 1361 587 1415 dunc
599 1362 699 1416 Lollius
711 1381 789 1419 enno.

560 670 620 723 elba
632 679 761 725 senectus.
