2159 3309
292 277 359 331 Ans
377 276 536 331 ΡΟΕΤΙΟΑ.
754 271 805 326 243

140 379 153 431 ·i
165 377 303 432 socratico
314 383 437 446 poterunt
449 377 584 429 ostendere
596 376 703 443 chertze,
759 378 810 427 310

140 466 162 500 ιο
174 448 304 516 provisam
316 464 370 498 rem
382 464 434 498 non
447 446 531 497 invita
544 453 691 513 sequentur.

140 518 191 583 icit,
204 517 296 585 petrice
309 516 372 584 quid
384 516 477 568 debeat
489 523 516 566 et
528 516 592 582 quid
604 516 702 580 amicis,

142 602 228 638 umore
241 602 340 653 parens,
353 601 404 652 quo
416 585 497 635 frater
509 585 636 636 amandus
649 591 676 635 et
689 584 787 651 hospes,

140 662 148 706 t
160 654 307 722 conscripti,
320 654 389 720 quod
397 653 496 721 judicis
509 654 630 718 officium,
644 669 704 720 quoe

140 741 157 775 n
169 722 267 774 bellum
279 722 350 773 missi
363 722 442 787 ducis,
456 722 500 773 ille
512 724 627 791 profecto

140 812 144 842 ι
156 809 271 861 personae
283 792 333 843 scit
345 792 526 843 convenientia
538 792 581 843 cui
600 809 639 844 ue.

140 878 164 913 re
175 861 309 929 exemplar
320 861 382 912 vitae
394 877 547 927 morumque
555 862 586 928 ju
619 860 653 913 bo

152 930 310 982 imitatorem
322 935 349 981 et
361 929 434 980 vivas
446 928 508 980 hinc
520 929 614 981 ducere
626 946 707 982 voces

140 1016 165 1049 m
178 998 291 1066 specioso
302 997 364 1049 locis
376 1003 527 1064 morataque
539 1005 609 1049 recte

141 1068 238 1119 nullius
250 1067 365 1133 Veneris,
378 1067 433 1118 sine
445 1067 557 1133 pondere
569 1073 595 1118 et
607 1072 670 1131 erte,
761 1068 813 1117 320

150 1136 264 1188 oblectet
275 1136 400 1205 populum
411 1135 555 1202 meliusque
567 1142 684 1186 moretur

141 1222 214 1257 ‘ersus
226 1205 314 1272 inopes
325 1222 412 1256 rerum
424 1221 552 1272 nugaeque
564 1221 670 1257 canorae.

141 1274 269 1342 ngenium,
282 1274 366 1326 Graiis
378 1274 450 1325 dedit
462 1290 505 1325 ore
517 1273 629 1325 rotundo

141 1343 205 1411 qui;
223 1350 316 1410 praeter
327 1342 431 1394 leudem
443 1342 542 1394 nullius
554 1343 646 1395 ermis.

153 1412 226 1481 pueri
239 1412 323 1478 longis
335 1412 478 1463 rationibus
490 1429 573 1463 oseem

141 1482 284 1597 stitit
293 1498 339 1597 {1⁰0⁰
341 1480 655 1598 ”tttdttitstdti

141 1615 194 1683 quid
205 1586 321 1682 sirperatl
329 1564 470 1667 tiposeris
479 1616 583 1681 dixisse,
591 1612 723 1667 “Triens.”
737 1612 813 1671 “Eui

141 1684 206 1735 »teris
218 1701 318 1736 servaro
330 1691 411 1737 tuam.
448 1685 526 1737 Redit
537 1684 623 1749 uncio,
637 1684 701 1752 quid
710 1683 741 1734 fit
750 1682 778 1735 ‘i”

141 1752 162 1805 .’'
197 1754 234 1804 At
247 1753 303 1804 haec
316 1754 416 1805 animos
427 1770 515 1819 oerugo
527 1761 554 1806 et
566 1771 628 1805 cure
640 1753 727 1817 peculi
762 1754 813 1804 330

141 1820 214 1873 semel
225 1820 355 1886 imbuerit,
368 1837 500 1889 speramus
512 1819 629 1871 carmina
640 1817 706 1885 fingi

141 1890 232 1942 tuendo
243 1890 319 1941 cedro
331 1895 358 1941 et
370 1890 422 1941 levi
435 1888 561 1940 servande
573 1885 711 1956 cupressoi

141 1959 220 2010 >desse
232 1958 324 2010 volunt
335 1964 383 2010 eut
395 1957 523 2009 delectare
535 1958 629 2024 poitae,

141 2026 181 2078 sul
193 2033 220 2079 et
229 2027 348 2094 jucundo
360 2032 387 2078 et
398 2026 492 2078 idonee
503 2025 588 2077 dicere
600 2025 669 2077 vitoe.

143 2096 170 2147 id
182 2096 323 2163 praecipies,
336 2103 391 2146 esto
402 2095 495 2159 brevis,
509 2101 539 2145 ut
551 2094 603 2145 cito
616 2094 688 2145 dicte

142 2171 189 2216 ont
201 2165 282 2215 animi
295 2164 390 2215 dociles
402 2170 561 2230 teneantque
572 2162 676 2225 fideles;

141 2250 322 2301 supervacuum
334 2233 411 2301 pleno
423 2232 455 2284 de
467 2239 570 2300 pectore
582 2238 680 2284 manat

143 2302 269 2370 oluptatis
281 2319 358 2353 ceusu
370 2303 423 2353 sint
435 2302 555 2369 proxima
567 2302 642 2367 veris,

141 2372 279 2438 odeumue
291 2370 369 2437 volet,
381 2377 471 2439 poscat
483 2369 531 2421 sibi
544 2369 634 2421 fabule
645 2366 724 2435 credi,

142 2457 209 2492 onsae
222 2441 318 2492 Lomiae
330 2442 420 2491 vivum
433 2456 544 2507 puerum
555 2438 678 2491 extrahat
689 2438 757 2490 alvo.
773 2437 824 2490 ³40

141 2510 168 2561 ἰο
181 2510 311 2561 seniorum
323 2510 427 2576 agitant
439 2508 558 2576 expertia
571 2508 662 2575 frugis,

142 2584 277 2630 raetereunt
290 2587 394 2630 austera
406 2580 527 2646 poemate
541 2578 686 2629 Rhamnes:

142 2647 199 2699 :ulit
212 2654 347 2714 punctum,
360 2648 405 2714 qui
418 2648 523 2699 miscuit
536 2647 601 2698 utile
613 2646 686 2699 dulci

142 2733 172 2766 sm
185 2716 339 2768 delectando
350 2717 501 2787 pariterque
511 2715 659 2781 monendo,

377 2821 384 2847 ¹
393 2831 494 2867 superest
