2159 3309
196 287 248 333 '²¹¹'
517 299 671 352 nourrii

195 396 248 448 Sed
262 398 334 454 videt
346 403 417 454 hunc
430 402 514 454 omnis
527 401 619 453 demus
631 406 658 453 et
670 400 768 452 vicinia
781 406 837 452 tota

199 470 343 522 introrsum
356 480 467 538 turpem,
480 471 626 538 speciosum
637 470 705 538 pelle
718 470 819 521 deeora
1005 527 1006 532 η

197 542 210 564 “
221 538 275 589 Nec
287 540 389 590 furtum
402 540 452 591 foci
464 557 512 592 nee
524 541 607 608 fugi‚”
620 541 642 591 si
653 539 720 590 mihi
733 539 806 589 dicat
1004 535 1006 626 1

196 607 298 670 Servus,
312 608 326 634 “
335 608 422 660 Habes
435 610 557 677 pretium,
569 609 630 661 loris
642 626 694 660 non
707 606 815 671 urorie,'’
826 604 872 656 aio.
949 658 960 683 ss

196 676 211 702 ‘⁶
220 677 243 726 N
245 694 278 727 en
288 676 420 729 hominem
430 678 537 729 eccidi.”
556 680 570 706 “
581 678 640 729 Non
650 693 739 744 pasees
752 676 780 727 in
791 691 865 726 cruce
871 681 948 722 corros-
1005 685 1006 706 ³

204 743 284 796 ‘Sum
297 745 379 797 bonus
391 752 418 798 et
431 745 526 815 frugi”
563 746 663 798 Renuit
674 744 830 813 negitatque
842 737 955 793 Sabellus:

197 810 296 863 Cautus
309 815 378 864 enim
391 817 487 865 metuit
499 815 602 865 foveam
614 811 701 879 lupus,
713 811 886 879 accipiterque

196 879 335 949 Suspectos
347 881 460 947 laqueos,
473 888 501 934 et
512 888 632 948 opertum
643 878 743 931 miluus
755 880 870 932 hamum.

196 946 315 999 Oderunt
327 964 433 1015 peccare
444 947 506 999 boni
517 948 624 999 virtutis
636 964 737 1009 emere;

195 1014 235 1067 Tu
248 1016 315 1069 nihil
327 1016 451 1068 admittes
463 1017 491 1067 in
504 1022 530 1068 to
542 1016 680 1068 formidine
692 1031 790 1083 poenae:

194 1082 235 1136 Sit
248 1102 305 1152 spes
317 1085 434 1150 fallendi,
447 1085 566 1137 miscebis
579 1102 652 1137 secra
663 1084 795 1153 profanie;

194 1151 263 1204 Nam
276 1154 307 1205 de
319 1154 392 1205 mille
403 1153 471 1206 fabae
482 1154 576 1205 mediis
588 1171 669 1222 quum
682 1153 749 1204 eurri
769 1154 791 1205 is
803 1169 891 1218 unum,

193 1219 326 1274 Damnum
339 1229 385 1287 est,
397 1240 450 1274 nou
461 1223 572 1288 facinus,
584 1223 650 1274 mihi
662 1229 739 1290 pecte
750 1170 836 1274 ionius
848 1223 901 1274 ieto.
1005 1281 1006 1292 γ

194 1288 242 1341 Vir
253 1290 344 1358 bonus,
353 1309 428 1344 omne
438 1292 523 1343 forum
537 1309 614 1359 quern
624 1297 725 1359 spectat
734 1296 761 1342 et
770 1308 847 1343 omne
857 1280 959 1344 tribrmtb
1004 1305 1006 1344 i

193 1357 409 1429 Quandocunque
421 1361 489 1412 Deos
501 1361 543 1412 vol
556 1377 632 1428 porco
644 1361 686 1412 vel
698 1359 762 1411 bove
774 1360 870 1426 placat,
1004 1349 1006 1414 i

193 1426 208 1453 “
218 1426 238 1478 J
239 1444 288 1479 ane
301 1427 399 1496 pater,‘¹
413 1427 489 1492 clere,
503 1426 571 1479 clare
584 1445 666 1495 quum
679 1428 756 1494 dixit,
768 1430 784 1456 “
794 1428 907 1497 Apello‚”
1005 1427 1006 1436 ’

194 1493 280 1548 Labra
291 1503 380 1549 movet
392 1503 510 1549 metuens
522 1497 616 1561 audiri,
628 1498 644 1524 “
653 1496 769 1549 Pulchra
781 1498 903 1564 laverna,
939 1489 963 1544 θ]

191 1561 234 1614 Da
245 1564 310 1615 mihi
323 1564 421 1628 fallere,
434 1563 468 1615 da
476 1565 550 1630 justo
562 1568 704 1629 sancteque
716 1563 806 1628 videri,

191 1630 301 1684 Noctem
313 1632 427 1700 peccatis
439 1638 465 1683 et
477 1631 614 1683 fraudibus
626 1630 708 1698 objice
719 1630 817 1683 nubem
825 1635 850 1687 ν’
1003 1605 1006 1680 i

191 1700 243 1763 Qui
256 1701 438 1766 melioremve,
451 1700 499 1768 qui
511 1700 614 1752 liberior
627 1700 660 1752 eit
672 1717 775 1767 avarus,

191 1768 222 1819 In
237 1770 321 1821 triviis
333 1769 416 1820 fixum
429 1787 508 1837 quum
521 1786 548 1820 ee
560 1769 677 1821 demittit
689 1769 721 1821 ob
733 1785 824 1835 assem,
1004 1813 1006 1834 4

189 1837 249 1889 Non
262 1838 337 1890 video
344 1857 351 1902 ;
369 1855 431 1889 nam
443 1838 489 1906 qui
501 1838 597 1905 cupiet,
609 1843 710 1889 metuet
723 1854 826 1905 quoque
833 1856 840 1901 ;
858 1852 931 1906 porro,
1005 1837 1006 1898 I

190 1906 241 1969 Qui
254 1914 372 1959 metuens
385 1907 463 1971 vivet,
476 1907 542 1958 libor
553 1907 619 1958 mihi
631 1924 683 1958 non
695 1907 746 1958 erit
757 1923 882 1987 unquam.

189 1973 309 2028 Perdidit
320 1993 400 2042 arma,
412 1975 499 2028 locum
511 1976 617 2027 virtutis
629 1975 751 2042 deseruit,
764 1992 810 2043 qur

189 2042 248 2095 Sem
268 2062 296 2096 er
307 2046 336 2096 in
348 2045 468 2112 eugendo
480 2044 589 2096 festinet
601 2050 628 2095 et
640 2044 759 2095 obruitur
771 2062 805 2097 re.

189 2063 308 2165 Vendere
320 2131 402 2182 quum
414 2113 495 2182 pessis
507 2113 648 2181 captivum,
661 2113 778 2164 occidere
790 2111 859 2176 noli;

188 2179 289 2234 Serviet
302 2182 416 2234 utiliter:
436 2183 491 2233 eine
503 2188 594 2249 pascat
606 2182 687 2232 durus
699 2187 815 2248 aretque,
933 2173 958 2228 70

188 2247 303 2317 Naviget
315 2268 346 2303 ao
357 2251 449 2302 mediis
462 2250 561 2302 hiemet
573 2250 740 2301 mercatorio
754 2250 847 2315 undis;

188 2316 305 2370 Annonee
318 2320 414 2386 prosit3
432 2325 518 2387 portet
529 2319 663 2370 frumenta
674 2335 816 2386 penusque.

187 2385 330 2439 virbonus
343 2394 370 2439 et
383 2388 486 2455 capiens
498 2386 607 2438 audebit
619 2386 712 2452 dicere,
725 2387 739 2414 “
749 2386 878 2456 Pentheu,

188 2456 282 2509 Rector
295 2457 452 2517 Thebarum,
465 2456 529 2523 quid
541 2472 584 2506 me
596 2457 710 2523 perferre
722 2457 832 2526 patique
897 2456 960 2524 [remu

189 2526 335 2592 Indignum
348 2542 422 2592 coges
434 2524 459 2577 ν’
478 2525 624 2576 “Adimam
637 2524 729 2577 bona.”
755 2526 879 2608 “Nempe
889 2537 962 2596 pectit,

189 2595 289 2661 Lectos,
301 2606 439 2660 argentum
452 2611 457 2645 :
476 2594 554 2646 tollas
566 2594 653 2646 licet.”
689 2596 703 2621 “
713 2595 746 2646 ln
760 2597 870 2649 manicis
881 2605 907 2648 et
989 2643 992 2652 .

189 2663 362 2732 Corrrpedibus
375 2680 441 2714 seuve
454 2669 480 2715 to
490 2662 537 2714 sub
551 2663 658 2715 custode
670 2663 788 2717 tenebo.’'

186 2737 202 2762 “
211 2735 274 2804 lpse
286 2735 367 2801 Deus,
382 2731 462 2785 simul
475 2739 555 2801 utque
568 2734 665 2799 roiam,
673 2752 717 2785 me
727 2734 836 2786 eoiret.'’
871 2732 963 2802 Opinor,

170 2799 238 2857 Hoc
250 2822 297 2857 scn
302 2805 337 2858 tit
347 2824 353 2860 :
379 2801 488 2857 Moriar
500 2821 508 2868 ·‚
526 2819 600 2855 moro
610 2801 942 2853 uitimaiiueurerumem

120 2849 193 2967 B
