2159 3309
151 688 277 789 ece

156 1213 186 1253 [e

173 1274 192 1309 Ι.

201 182 256 244 sq
284 182 616 259 quymwmfmas
654 182 805 227 meaaj

279 253 296 272 ²
403 249 551 304 clausu
569 250 714 304 XVL-sn
728 266 860 303 rorantis
873 266 1006 304 acuam

316 360 432 417 Atrans
441 363 498 429 jam
510 360 606 413 teritur
617 360 693 413 bellis
706 360 827 413 civilibus
842 366 914 429 setas,

353 430 413 484 Suis
426 437 452 483 ct
465 431 522 498 ipsa
535 431 618 481 Roma
630 430 728 482 viribus
740 430 803 496 ruit,

317 500 403 565 Quam
414 517 498 568 neque
510 499 618 550 finitimi
630 499 771 551 valuerunt
783 499 891 567 perdere
903 498 992 565 Marsi,

353 569 465 621 Minacis
478 576 526 620 aut
537 569 649 620 Etrusca
661 568 780 620 Porsena
792 585 894 636 manus,

352 638 426 690 mula
437 655 485 690 nec
497 638 582 691 virtus
595 638 691 705 Capuae
703 655 751 689 nec
763 637 906 706 Spartacus
918 654 978 691 acer

352 707 484 775 Nogisque
496 706 573 769 rebus
585 707 698 758 infidelis
711 707 844 773 Allobrox,

285 759 373 829 ”Nec
384 776 440 828 fera
452 776 563 829 caerulea
575 776 678 827 domuit
691 776 830 828 Germania
861 774 912 829 ube

353 845 562 914 Parentibusque
574 844 738 897 abominatus
751 845 842 897 Hanni

318 913 410 1036 Impia·
416 915 554 983 perdemus
566 914 656 966 devoti
667 915 803 981 sanguinis
815 921 885 981 atas,

317 983 874 1107 aatlblllbltttllllibttlt
885 1051 978 1105 aba

352 1122 440 1191 Eques
452 1129 561 1174 sonante
573 1121 720 1175 verberabit
733 1122 840 1190 ungula,

237 1191 435 1313 abab
445 1190 854 1328 restaurabat?
866 1190 978 1258 ru

264 1392 272 1403 ‚
317 1329 396 1384 Forte
408 1330 471 1399 quid
484 1329 608 1398 expediat
621 1329 795 1381 communiter
806 1335 854 1383 aut
865 1328 959 1381 melior
970 1345 1006 1398 pa·

286 1401 291 1413 '
353 1399 432 1451 Malis
445 1416 531 1451 carere
544 1397 661 1465 quaeritis
674 1397 820 1451 laboribus:

318 1467 400 1522 Nulla
412 1468 447 1520 sit
458 1468 508 1520 hac
520 1467 606 1535 potior
618 1467 757 1533 sententia,
769 1467 940 1520 Phocaeorum

222 1523 310 1594 Asa
354 1537 436 1590 Velut
447 1536 565 1605 profugit
577 1541 712 1588 exsecrata
724 1537 817 1589 civitas

207 1595 216 1613 ‘
236 1596 403 1685 7⁴2⁸·Agros
415 1611 495 1673 atquc
507 1605 585 1657 Lares
597 1594 695 1674 patrios
708 1605 904 1675 habitandaque
916 1605 980 1659 fana

355 1675 433 1745 Apris
444 1675 552 1743 reliquit
564 1679 591 1727 et
603 1674 740 1742 rapacibus
752 1674 830 1743 lupis,

320 1744 363 1798 Ire
393 1744 453 1797 edes
465 1761 623 1814 quocunque
635 1744 727 1810 ferent,
740 1760 896 1812 quocunque
908 1760 1004 1813 perun

381 1819 440 1866 otus
452 1813 556 1866 vocabit
568 1819 616 1866 out
628 1818 765 1881 protervus
777 1813 890 1865 Africus.

319 1882 363 1937 Sic
375 1882 479 1951 placetl
497 1900 532 1935 an
544 1882 638 1935 melius
651 1882 709 1949 quis
721 1882 802 1934 habet
813 1880 940 1935 suaderei
976 1881 1006 1936 Se

356 1949 451 2004 Retem
462 1968 590 2020 occupare
603 1951 666 2020 quid
678 1967 811 2003 moramur
822 1950 903 2003 alitcl

321 2020 372 2075 seu
380 2021 499 2088 juremus
511 2022 540 2072 in
552 2021 622 2074 haec:
642 2020 719 2072 simul
731 2020 791 2072 imis
804 2038 868 2073 saxa
879 2019 998 2073 renarint

346 2089 438 2142 .Vadis
450 2088 545 2155 levata,
557 2108 591 2143 ne
602 2089 686 2142 redire
699 2089 733 2140 sit
746 2090 834 2152 nefas3

320 2158 380 2212 Neu
392 2176 516 2211 conversa
528 2159 635 2212 domum
647 2158 737 2226 pigeat
749 2159 810 2211 darc
822 2158 913 2226 lintea,
926 2159 1006 2227 quani

357 2228 444 2280 Padus
457 2228 561 2280 Matina
573 2228 667 2279 laverit
679 2228 823 2293 cacumina,

321 2296 354 2351 ln
367 2315 439 2350 mare
452 2315 498 2349 seu
510 2298 594 2350 celsus
607 2297 763 2364 procurrerit
776 2295 940 2364 Apenninus,

356 2367 482 2435 Novaque
494 2373 611 2418 monstra
619 2366 740 2433 junxerit
753 2365 862 2417 libidine

321 2434 410 2490 Mirus
422 2452 501 2501 amor,
510 2437 588 2503 juvet
600 2440 632 2485 ut
644 2433 724 2501 tigres
737 2434 867 2486 subsidere
880 2434 970 2501 cervis,

246 2507 260 2533 ‘
352 2504 529 2559 Adulteratur
541 2509 569 2558 et
581 2502 704 2557 columba
712 2503 807 2569 miluo,

202 2594 290 2648 ‘W'
305 2574 427 2633 Otedula
439 2593 491 2632 nec
503 2594 584 2657 rajps
594 2575 713 2631 timeant
724 2569 962 2626 armentaleonee.
