2159 3309
311 276 565 333 EPISTOLARUM
583 276 608 328 1.
629 279 668 339 16,
688 279 729 329 17.
863 275 912 328 911

273 478 443 533 EPISTOLA
460 480 621 535 XVIl.-sn
635 497 758 536 conruit,

113 591 258 658 Qumis,
271 590 368 657 Scaeva,
381 591 444 643 satis
455 607 503 659 per
514 595 541 642 te
554 590 603 642 tibi
615 590 729 643 consulis
741 596 768 643 et
779 590 830 643 scis

113 663 175 726 Quo
187 660 297 714 tandem
327 667 386 713 acto
398 660 489 712 deceat
499 660 642 727 majoribus
655 660 703 726 uti,

113 729 202 798 Disce,
215 730 297 782 decen
315 746 347 781 us
359 729 446 781 adhuc
458 745 517 796 quse
530 735 620 780 censet
631 729 767 796 amiculus,
780 735 812 780 ut
824 730 847 780 si

114 798 209 851 (luscus
221 799 273 851 iter
284 804 428 851 monstrare
440 798 520 861 velit;
538 804 627 849 temen
640 798 752 867 adspice,
765 799 786 850 si
799 799 863 867 quid

113 865 152 921 Et
164 885 220 935 uos,
233 867 303 936 quod
314 884 387 920 cures
399 867 534 936 proprium
546 867 644 934 fecisse,
656 867 667 918 l
701 886 801 921 uamur.

114 936 144 990 si
157 943 185 989 te
197 943 276 1004 grata
287 937 360 1005 quies
372 941 399 989 et
411 937 524 1005 primam
537 953 642 987 somnus
653 937 682 988 in
714 955 786 989 oram

115 1004 248 1072 Delectat,
260 1007 282 1058 si
294 1013 321 1058 te
334 1005 421 1075 pulvis
434 1005 611 1073 strepitusque
622 1011 747 1073 rotarum,

116 1072 145 1128 Εἰ
156 1075 233 1127 loedit
244 1092 371 1144 caupona,
384 1075 556 1127 Ferentinum
567 1075 606 1125 ire
613 1073 727 1142 jubebo;

115 1141 186 1197 Nem
198 1160 285 1211 neque
297 1144 423 1197 divitibus
436 1144 596 1211 contingunt
608 1143 706 1211 gaudia
718 1143 787 1212 solis,

116 1209 172 1266 Ποῦ
182 1213 254 1267 vixit
264 1213 341 1280 male,
354 1213 400 1282 qui
411 1219 491 1265 natus
502 1213 667 1280 moriensque
679 1213 781 1266 fefellit.
876 1218 909 1267 10

118 1279 145 1334 ei
156 1282 278 1351 prodesse
289 1283 343 1335 tuis
356 1282 496 1351 paulloque
508 1280 646 1349 benignius
659 1282 745 1350 ipsum

118 1348 280 1404 detractare
291 1351 370 1413 voles,
383 1352 490 1404 accedes
503 1351 586 1402 siccus
599 1351 634 1402 ad
647 1361 763 1406 unctum

118 1419 170 1474 “si
182 1421 324 1489 pranderet
336 1423 393 1473 olus
405 1425 543 1491 patienter,
555 1424 661 1492 regibus
672 1425 715 1477 uti

120 1485 208 1543 liollet
220 1490 397 1559 Aristippus.‘’
433 1493 484 1545 “Si
496 1493 574 1546 sciret
585 1494 690 1561 regibus
702 1494 751 1559 uti,

119 1555 261 1612 Fastidiret
273 1559 338 1626 olus,
350 1560 395 1627 qui
407 1578 449 1613 me
461 1561 561 1614 notat.’'
597 1563 688 1614 Utrius
700 1563 795 1614 horum

119 1621 205 1679 Verba
217 1626 308 1695 probes
321 1634 348 1679 et
360 1628 438 1694 facta,
451 1627 521 1690 doce,
534 1627 577 1681 rel
585 1628 675 1695 junior
686 1628 757 1693 audi,

118 1691 169 1748 Gur
181 1696 217 1748 sit
229 1696 359 1765 Aristippi
370 1696 457 1765 potior
469 1697 616 1759 sententia;
633 1713 747 1764 namque

114 1757 267 1818 Mordacem
280 1765 408 1831 Cynicum
421 1766 457 1817 sic
470 1765 600 1831 eludebat,
613 1772 646 1818 ut
658 1766 749 1818 aiunt:

113 1823 249 1883 “Scurror
260 1848 309 1899 ego
320 1834 376 1901 ipse
387 1833 461 1898 mihi,
473 1834 571 1901 populo
582 1840 631 1899 tu;
648 1835 745 1886 rectius
758 1833 807 1885 hoc
819 1840 846 1884 et

113 1895 285 1971 splendidius
292 1902 377 1954 multo
385 1907 431 1955 est.
449 1901 542 1969 Equus
549 1906 581 1953 ut
588 1919 631 1953 me
641 1908 735 1970 portet,
742 1902 798 1955 alat
806 1920 861 1969 rex,
874 1906 908 1955 ‘20

113 1967 240 2025 Officium
251 1971 335 2024 facio:
353 1976 384 2022 tu
396 1970 479 2040 poscis
492 1970 556 2022 vilis
567 1988 663 2038 rerum,

113 2034 205 2093 Dante
216 2040 309 2107 minor,
323 2040 444 2108 quamvis
455 2039 507 2091 fors
519 2045 547 2091 te
559 2039 659 2091 nullius
671 2042 817 2107 egentem.”

113 2108 210 2163 Omnis
221 2108 389 2178 Aristippum
401 2108 491 2160 decuit
502 2108 572 2159 color
584 2115 611 2160 et
623 2114 710 2161 status
722 2116 749 2161 et
761 2127 809 2177 res,

113 2173 275 2232 Tentantem
286 2180 394 2246 majora,
406 2178 460 2229 fere
472 2177 644 2246 presentibus
657 2195 769 2246 aequum.

113 2248 221 2314 Contra,
233 2264 311 2316 quem
323 2247 423 2316 duplici
435 2264 522 2315 panno
534 2247 665 2315 patientia
677 2248 756 2316 velat,

113 2315 240 2383 Mirabor,
252 2316 314 2368 rita
327 2316 370 2369 via
382 2316 404 2368 si
416 2332 539 2368 conversa
552 2316 661 2369 decebit.

113 2385 193 2440 Alter
223 2402 366 2454 urpureum
377 2403 430 2437 non
443 2385 607 2453 exspectabit
618 2386 752 2454 amictum,

113 2402 253 2519 Quidlibet
265 2454 375 2506 indutus
387 2454 554 2507 celeberrima
566 2472 612 2523 per
624 2455 681 2508 loca
692 2457 779 2524 radet,

113 2522 309 2591 Personamque
321 2524 387 2575 feret
399 2541 452 2576 non
464 2524 636 2575 inconcinnus
649 2532 801 2594 utramqu03

113 2591 191 2647 Alter
203 2591 291 2644 Mileti
302 2598 405 2645 textam
417 2610 481 2646 caue
493 2595 568 2661 pejus
580 2600 607 2645 et
618 2594 700 2661 angui
874 2600 909 2649 30

115 2659 223 2714 Vitabit
235 2660 407 2730 chlamydem,
419 2663 546 2715 morietur
557 2663 662 2731 frigore,
674 2665 695 2715 si
708 2681 761 2716 uon

113 2727 254 2779 Rettuleris
262 2746 394 2797 pannum.
432 2732 514 2788 Refer
527 2741 557 2789 et
570 2734 629 2787 siue
641 2734 720 2787 uiuat
726 2736 851 2801 ineptus.

113 2790 255 2858 metm
265 2804 295 2849 et
308 2808 407 2870 captos
419 2807 571 2863 ostendere
583 2805 695 2863 ciuibus
702 2806 805 2858 boscos
