2159 3309
225 280 435 335 SA'HRARUM
455 281 477 334 Ι.
495 284 519 333 6.
719 282 769 336 145

144 398 208 435 saxo
219 382 289 434 cives
301 386 349 433 eut
361 380 463 432 tradere
476 379 573 432 Cadmo
582 379 609 431 l'’

140 469 161 503 rs
171 451 272 519 collega
283 449 367 518 gradu
380 456 438 517 post
449 467 491 500 me
503 449 576 500 sedet
588 465 641 500 uno
654 466 660 511 ;
741 453 775 499 40

140 520 209 585 tille,
214 527 289 589 pater
294 519 363 588 quod
371 526 427 570 erat
434 518 531 570 meus’'
545 518 603 569 Hoc
612 517 662 569 tibi
667 516 776 569 Pauline

140 593 274 647 sviderisl
309 594 347 646 At
358 593 409 661 hic,
422 594 444 645 si
456 593 575 662 plaustra
586 594 702 646 ducenta

140 668 203 784 blm
214 662 270 716 foro
283 662 334 715 tria
345 662 444 729 funem,
456 680 554 730 magne
566 662 669 714 sonabit

185 732 263 785 vinca
293 748 326 783 ue
338 731 430 784 tubas:
448 732 542 783 saltem
554 738 627 784 tenet
639 732 688 784 hoc
700 749 754 785 nos

141 817 166 853 re
177 800 256 853 redeo
267 800 288 852 li
320 801 390 852 rtino
401 806 476 871 patre
488 807 590 867 natum,

141 876 182 923 mt
193 886 283 923 omnes
294 868 416 921 libertino
429 877 504 937 patre
515 876 618 937 natum,

140 955 220 991 esum
231 938 290 1003 tibi,
302 938 442 1019 bloecenas,
455 938 603 1019 oonpictor3
620 944 650 991 at
661 938 732 1001 olim,

141 1006 710 1142 rffltllldltttlltltm

144 1144 264 1198 inrideat
292 1145 368 1210 uiris,
380 1144 419 1196 ita
431 1150 458 1196 te
470 1161 573 1212 quoque
584 1146 705 1213 amicum,
749 1148 781 1199 ⁶0

150 1221 259 1267 cautum
290 1214 296 1226 ‘
335 1231 363 1265 os
375 1230 512 1279 assumere,
525 1230 607 1281 prava

150 1283 249 1352 procul
285 1282 399 1335 Felicem
411 1282 495 1334 dicere
507 1298 561 1362 non
572 1282 622 1335 hoc

141 1351 304 1473 irlrunlilllulbl
310 1357 616 1488 fberssblllblistlndbctlnllls
627 1419 689 1473 olim

141 1495 195 1559 post
207 1490 279 1542 hunc
292 1489 394 1556 Varius,
406 1490 496 1541 dixere
508 1489 573 1553 quid
584 1507 675 1543 essem

141 1576 206 1626 ram,
219 1558 356 1626 singultim
368 1558 473 1627 psucal
507 1565 595 1624 nutus,

141 1575 677 1696 ‘l

142 1766 202 1819 iano
214 1765 313 1817 vectari
324 1782 386 1817 rura
397 1765 506 1831 caballo,

141 1852 218 1901 eram,
227 1851 312 1887 narro.
342 1834 498 1902 Respondes,
507 1839 538 1886 ut
550 1839 613 1886 tuus
621 1840 660 1887 est
672 1852 735 1899 mos,
748 1839 782 1887 60

141 1920 188 1967 005
200 1911 227 1956 et
238 1920 343 1955 revocas
355 1920 423 1955 nono
469 1909 494 1954 st
505 1921 594 1955 mense
601 1904 730 1971 jubesque

141 1973 250 2025 ricorum
261 1989 376 2025 numero.
411 1970 429 2023 l
442 1989 542 2039 agnum
553 1972 603 2024 boc
615 1990 663 2039 ego
675 1972 750 2041 duco,

141 2042 166 2095 ui
178 2041 236 2107 tibi,
248 2041 294 2108 qui
305 2041 378 2110 turpi
390 2041 501 2093 secernis
513 2041 661 2107 honestum,

148 2110 280 2180 praeclaro,
293 2109 338 2161 sed
350 2110 407 2162 vita
417 2117 445 2162 et
457 2118 561 2177 pectore
573 2127 646 2177 puro.

141 2180 192 2232 ltiis
203 2178 376 2231 mediocribus
388 2195 419 2230 ec
431 2196 489 2230 mea
501 2180 593 2246 paucis

141 2255 171 2301 st
182 2254 286 2315 natum,
298 2248 397 2316 alioqui
408 2254 487 2313 rectu,
500 2247 575 2299 velut
587 2248 610 2300 si

143 2334 242 2386 spersos
253 2317 428 2385 reprehendas
440 2333 546 2385 corpore
558 2334 653 2384 naevos,

142 2386 266 2467 saritipm
278 2385 462 2467 neque'sordes
474 2394 523 2437 aut
534 2386 605 2439 mals
617 2387 699 2442 lustra

142 2472 325 2585 bouill
335 2455 652 2586 blffldsbm’
749 2530 782 2579 πο

185 2600 225 2645 ter
237 2593 285 2659 his,
298 2593 344 2661 qui
355 2610 443 2645 mucro
454 2611 555 2662 pauper
566 2594 653 2660 agello

184 2661 212 2713 vi
225 2661 319 2714 ludum
330 2679 372 2714 me
383 2663 497 2729 mittere,
509 2664 600 2730 magni

142 2732 245 2795 magnis
257 2749 272 2783 e
284 2732 489 2788 centurionibus
501 2733 565 2801 orti,

142 2797 183 2848 usi
193 2798 301 2857 loculos
316 2804 502 2882 tabulamque
513 2807 634 2867 lacem

377 2897 397 2938 n
