2159 3309
269 275 337 329 Ans
354 275 511 331 POETICA.
731 273 781 329 245

151 376 233 428 risum
245 376 341 429 tollant
352 377 460 445 impune
472 394 586 430 coronae:

143 452 157 512 t,
170 463 259 497 vorsus
270 451 360 497 tamen
372 447 452 499 audet
464 447 569 514 fingere.
605 445 722 511 Quidnii

143 531 266 581 ngennur,
277 516 421 583 praesertim
434 533 524 568 census
537 521 683 583 equestrem

148 586 314 635 nummorum
325 585 441 652 vitioque
452 591 567 637 remotus
578 584 612 637 ab
623 583 701 636 omni.
710 604 745 620 ··*

143 654 218 704 nvita
230 654 299 705 dices
311 654 422 706 faciesve
434 654 568 718 Minerra3

143 722 239 773 dicium
251 728 296 787 est,
310 740 340 775 ea
352 740 432 775 mens.
467 723 495 775 Si
508 723 573 790 quid
584 726 674 775 tamen
685 720 748 775 olim

143 832 148 855 ,
161 792 188 842 in
201 791 278 842 Masi
290 792 430 843 descendat
440 792 537 860 judicis
550 808 634 856 aures,

144 867 171 911 et
183 867 291 925 nostras,
303 878 452 928 nonumque
464 867 599 929 promatur
610 861 639 913 in
651 875 758 927 annum,

143 930 163 980 is
175 929 247 980 intus
260 929 363 997 positis:
382 930 467 982 delere
479 929 576 995 licebit,

155 998 281 1061 edideris;
299 999 382 1050 nescit
394 1015 445 1051 vox
457 999 535 1050 missa
546 997 649 1050 reverti.
736 998 788 1057 390

152 1067 268 1119 homines
281 1084 354 1119 sacer
365 1068 544 1135 interpresque
556 1066 671 1119 Deorum

143 1142 163 1188 rt
175 1137 248 1187 victu
259 1136 329 1189 foedo
342 1136 469 1189 deterruit
483 1135 616 1204 Orpheus;

156 1205 205 1256 hoc
216 1205 298 1257 lenire
311 1207 391 1272 tigres
402 1205 557 1271 rabidosque
569 1204 672 1266 leones;

151 1274 290 1341 Amphion,
304 1274 434 1326 Thebanos
445 1274 566 1325 conditor
577 1273 653 1341 areis,

143 1360 191 1394 rere
203 1360 265 1395 sono
277 1343 418 1395 testudinis
430 1349 457 1395 et
468 1359 543 1411 prece
555 1341 654 1394 blanda

143 1429 171 1464 io
183 1412 270 1465 vellet.
305 1412 368 1463 Fuit
380 1412 437 1464 haeo
449 1411 580 1481 sapientia
592 1409 731 1479 quondam,

143 1481 239 1532 nivatis
252 1498 390 1547 secernere,
403 1498 475 1534 sacra
487 1480 612 1549 profanis,

143 1567 152 1601 r
184 1549 301 1601 rohibere
313 1567 386 1617 rago,
399 1550 461 1602 dare
469 1551 532 1617 jura
543 1547 653 1617 maritis,

143 1567 217 1684 roiiri,
230 1618 299 1686 leges
311 1619 426 1671 incidere
438 1619 456 1670 li
496 1636 523 1671 o:

143 1706 145 1718 ·
157 1694 184 1739 et
196 1705 290 1739 nomen
303 1688 400 1740 divinis
412 1689 467 1741 vati
486 1706 516 1740 us
528 1692 608 1807 atqlue
741 1685 791 1735 400

142 1774 172 1808 us
185 1757 264 1809 venit.
300 1756 362 1809 Post
375 1758 421 1810 hos
433 1757 543 1825 insignis
584 1771 686 1808 omerus

143 1842 177 1895 ¹ue
189 1842 273 1877 mares
285 1826 384 1878 animos
395 1826 425 1877 in
438 1826 535 1878 Martia
547 1825 617 1877 bella

145 1895 266 1958 exacuit;
284 1895 360 1946 dieta
372 1912 418 1963 per
430 1896 547 1947 carmina
558 1901 647 1961 sortes,

143 1970 276 2016 constrata
288 1964 331 2015 via
343 1970 383 2015 est
390 1982 398 2028 3
416 1969 443 2015 et
455 1964 540 2031 gratia
553 1980 645 2030 regum

143 2039 219 2086 ntata
230 2033 320 2097 modis,
333 2032 462 2101 ludusque
474 2039 592 2102 repertus

143 2119 194 2153 :um
206 2119 313 2170 operum
325 2102 399 2155 finis:
417 2102 529 2153 neforto
562 2100 635 2152 udori

143 2171 203 2223 insa
215 2171 278 2238 lyrae
291 2171 380 2222 sollers
392 2176 418 2223 et
430 2175 521 2223 cantor
557 2169 635 2238 pollo.

145 2246 199 2292 eret
211 2239 343 2293 laudabile
354 2257 466 2306 cannen,
479 2257 513 2291 an
525 2246 590 2304 arte,

143 2326 160 2359 n
172 2316 223 2362 est:
242 2327 290 2376 ego
302 2326 350 2361 nec
362 2309 480 2361 studium
493 2309 549 2360 sine
562 2307 644 2359 divite
656 2324 730 2373 vene,
825 2314 833 2329 ⁸

143 2379 217 2445 quid
230 2379 310 2446 possit
318 2379 393 2431 video
405 2378 557 2444 ingenium
569 2377 677 2429 alterius
685 2377 722 2428 sic
745 2376 811 2446 410,

143 2448 201 2500 >scit
214 2465 288 2515 opem
300 2465 340 2500 res
353 2454 380 2499 et
392 2450 512 2516 conjurat
523 2447 613 2499 amice.

143 2522 168 2567 et
181 2524 298 2584 optatam
311 2534 388 2569 cursu
401 2517 551 2583 contingere
563 2522 669 2583 metam,

143 2584 179 2636 dit
191 2586 304 2653 fecitque
316 2604 389 2654 puer,
402 2586 507 2638 sudavit
519 2592 546 2638 et
558 2585 626 2651 alsit,

142 2660 153 2705 t
166 2654 265 2706 Venere
277 2661 304 2707 et
316 2657 392 2718 vino;
410 2656 455 2723 qui
469 2654 566 2722 Pythia
578 2659 669 2706 cantat

143 2723 236 2777 didicit
247 2725 322 2794 prius
335 2724 515 2795 extimuitque
523 2723 696 2791 magistrum.

150 2806 191 2853 est
204 2802 316 2876 dixisse,
329 2806 345 2837 “
356 2807 418 2878 Ego
432 2806 648 2874 mnapeemto
655 2807 774 2864 panget
