2159 3309
321 284 388 338 ΑΒΕ
407 284 567 338 Ponnlcn
791 273 841 326 235

112 380 176 450 ique
188 381 223 433 sit
235 381 336 449 quidvis
348 381 458 449 simplex
470 381 611 434 dumtaxat
623 385 649 433 et
660 397 752 433 unum.

112 452 176 503 tima
188 468 248 519 pars
260 456 358 515 vatum,
371 457 445 517 pater
457 456 483 500 et
492 452 602 517 juvenes
614 456 689 517 patre
701 449 783 518 digni,

112 520 209 587 ipimur
220 519 304 586 specie
315 519 394 570 recti:
411 518 496 569 brevis
508 535 562 569 esse
574 518 669 585 laboro,

112 604 188 639 curus
198 586 247 649 fio;
265 593 408 638 sectantem
420 586 488 638 levia
500 587 574 638 nervi

112 657 191 707 ciunt
202 655 349 721 animique;
367 655 495 723 professus
507 655 618 721 grandia
629 659 734 722 turget;

112 724 144 791 >it
155 723 231 775 humi
242 730 317 775 tutus
328 724 439 774 nimium
451 724 610 791 timidusque
622 724 756 791 procellae3

121 793 221 845 variare
232 793 306 859 cupit
317 809 372 843 rem
384 791 564 859 prodigialiter
575 809 664 859 unam,

112 860 219 929 phinum
231 860 303 912 silvis
315 857 443 928 a'pingit,
455 860 578 911 fluctibus
590 878 690 928 aprum
801 863 836 913 30

112 929 197 981 ritiurd
210 930 283 981 ducit
295 946 309 981 c
339 929 462 997 presaga,
476 928 498 979 si
509 933 581 979 caret
592 936 655 981 arte.

113 998 194 1049 tilium
206 998 275 1049 circa
286 997 379 1049 ludum
390 998 464 1049 faber
476 1014 544 1048 unus
556 1003 583 1048 et
594 1014 697 1064 ungues

113 1067 196 1118 >simet
207 1072 234 1118 et
245 1066 335 1118 molles
347 1065 495 1117 imitabitur
506 1082 556 1116 aere
568 1066 690 1134 capillos;

113 1134 156 1187 uix
168 1135 252 1203 operis
265 1152 373 1200 summa,
387 1134 449 1201 quia
460 1151 555 1201 ponere
567 1139 653 1184 totu'm

113 1204 168 1257 ciet.
204 1204 284 1255 Hunc
296 1220 344 1270 ego
355 1220 404 1269 me,
417 1203 438 1254 si
451 1202 514 1270 quid
526 1218 678 1269 componere
691 1218 786 1270 ciuem,

113 1290 153 1324 lm
190 1272 196 1285 '
222 1289 276 1325 esse
289 1272 367 1324 velim
379 1288 458 1338 quam
470 1288 532 1322 naso
544 1271 631 1322 vivere
643 1288 732 1337 pravo,

113 1348 170 1393 stan
189 1358 234 1392 um
246 1341 328 1408 nigris
340 1340 421 1392 oculis
433 1342 559 1407 nigroque
571 1338 672 1406 capillo.

113 1411 158 1463 rite
169 1410 306 1462 materiam
319 1409 417 1475 vestris,
430 1410 475 1475 qui
487 1408 606 1473 scribitis,
619 1424 721 1475 tequam

113 1478 164 1530 bus
175 1484 203 1531 et
214 1485 315 1530 versato
327 1478 381 1545 diu,
393 1478 457 1544 quid
469 1478 536 1528 ferre
548 1484 675 1542 recusent,

113 1546 127 1599 d
139 1548 244 1600 valeant
256 1547 365 1599 humeri.
401 1547 450 1599 Oui
461 1546 530 1597 lecta
542 1551 662 1613 potenter
674 1545 724 1597 crit
736 1561 784 1612 res,
801 1548 834 1598 40

123 1616 247 1669 facundia
259 1616 358 1667 deseret
370 1615 441 1666 hunc
453 1632 500 1666 nec
513 1614 616 1666 lucidus
628 1614 697 1666 ordo.

113 1685 162 1737 inis
174 1685 230 1737 baec
242 1684 325 1736 virtus
338 1684 388 1736 erit
400 1691 426 1736 et
439 1684 534 1748 Venus,
548 1690 594 1734 aut
606 1700 653 1749 ego
664 1683 748 1750 fallor,

113 1758 159 1808 lam
170 1770 241 1805 nunc
254 1753 324 1806 dicat
332 1754 389 1820 jam
401 1770 470 1804 nunc
482 1752 605 1804 debentia
616 1752 675 1816 dici,

113 1839 183 1891 aque
195 1822 298 1874 differat
310 1829 337 1873 et
349 1838 459 1889 praesens
472 1822 500 1872 in
512 1827 615 1888 tempus
627 1821 732 1872 omittat
739 1839 747 1883 ς

113 1897 204 1956 :amet
216 1891 264 1942 boc
277 1897 382 1958 spernat
394 1890 511 1957 promissi
524 1890 645 1941 carminis
657 1896 754 1942 auctor.

113 1959 186 2012 'erbis
198 1960 278 2011 etiam
291 1960 377 2010 tenuis
390 1966 534 2024 cautusque
547 1958 668 2023 serendis,

113 2028 161 2080 eris
172 2029 281 2095 egregie,
294 2034 386 2079 notum
398 2028 419 2078 si
432 2026 526 2079 callida
539 2026 646 2077 verbum

114 2097 209 2149 diderit
217 2098 344 2163 junctura
355 2113 459 2147 novum
494 2094 521 2146 si
534 2095 602 2146 forte
613 2111 716 2146 necessa
727 2100 767 2147 est

113 2166 165 2217 iciis
176 2172 319 2217 monstrare
331 2164 478 2216 recentibus
489 2163 579 2215 abdita
591 2180 685 2230 rerum,

113 2251 167 2301 gere
179 2233 303 2285 cinctutis
315 2250 366 2284 non
379 2233 504 2284 exaudita
515 2232 636 2297 Cethegis
798 2234 834 2284 50

113 2303 203 2371 tinget,
215 2301 372 2370 dabiturque
384 2301 491 2353 licentia
502 2307 608 2368 sumpta
620 2299 755 2367 pudenter.

113 2388 170 2424 lova
181 2372 293 2438 fictaque
305 2388 389 2438 nuper
400 2369 535 2422 habebunt
547 2368 625 2420 verba
636 2369 722 2434 fidem,
734 2370 757 2421 si

114 2456 144 2492 co
155 2440 228 2492 fonte
240 2440 341 2500 cadent,
355 2456 431 2507 parce
443 2439 552 2490 detorta
588 2437 657 2500 Quid
668 2444 759 2491 autem

114 2508 158 2560 ilio
168 2508 312 2575 Plautoque
324 2508 398 2560 dabit
412 2508 544 2559 Romanus
555 2506 708 2574 ademptum

114 2577 166 2644 pilio
178 2576 325 2656 Varioquel
360 2577 416 2643 Ego
428 2593 482 2641 cur,
494 2575 626 2642 acquirere
639 2591 723 2642 pauca

114 2663 206 2708 ossum,
218 2645 342 2710 invidam,
355 2662 436 2711 quum
448 2645 540 2711 lingua
553 2644 657 2696 Catonis
669 2650 696 2696 et
708 2642 780 2697 Enni

114 2731 202 2766 nonem
211 2714 329 2780 patrium
342 2714 466 2766 ditaverit
477 2723 505 2765 et
516 2730 585 2765 nora
595 2730 682 2763 rerum

114 2780 157 2829 ins
165 2781 331 2845 protulerit?
363 2782 457 2837 Licuit
470 2780 736 2855 semperquelicebit
