2159 3309
399 276 708 335 HORATIANORUM.

623 536 666 578 3³
731 545 793 593 Herc
805 543 893 592 heroic

331 702 339 724 ¹
415 699 455 745 ’ν
495 699 511 739 3
553 720 598 744 Ν
658 708 862 770 Versiambcleg.

166 852 244 916 Epod.
256 855 294 900 13.
328 852 398 900 Alter
414 867 506 909 versus,
521 867 551 899 cx
569 851 671 898 dimetro
689 850 792 898 iambico
809 850 937 898 acatalecto
953 858 977 900 et

133 934 242 981 trimetro
259 932 375 995 dactylico
389 934 526 981 catalectico
543 933 569 980 in
583 933 700 996 syllabam
717 933 863 996 compositus
877 949 976 995 ssynar·

134 1022 200 1062 tetus
212 1018 265 1059 est:
282 1027 353 1074 quare
366 1013 396 1060 ab
409 1014 497 1061 iambis
507 1014 537 1060 ad
553 1014 661 1075 dactylos
670 1013 765 1060 transiri
774 1020 852 1075 potest
861 1020 977 1075 tanquam

132 1106 149 1137 a
165 1089 238 1151 pleno
248 1103 319 1136 versu
335 1090 365 1137 ad
382 1091 494 1149 alterum,
504 1105 548 1153 per
564 1090 683 1151 syllabam
696 1090 825 1153 ancipitem
838 1098 862 1139 et
875 1092 976 1140 hiatum.

134 1170 167 1217 cf.
179 1168 258 1230 Epod.
272 1170 309 1226 13,
322 1171 360 1219 1⁰.

170 1263 216 1325 (ο.)
233 1267 331 1312 maram.

486 1385 493 1409 ¹
509 1408 523 1430 ν
537 1408 555 1431 “
612 1396 711 1445 Trimet.
723 1395 794 1445 iamb.
806 1398 891 1446 acatal.

181 1548 219 1593 ’ν
272 1548 345 1592 ·’“”
370 1538 527 1605 ullulu.
551 1551 652 1598 ὗν*
696 1560 932 1623 Verselegiambus.

165 1617 257 1736 Epoi’
267 1676 303 1721 11.
331 1619 402 1721 Alter
417 1690 502 1722 versus
518 1622 664 1738 cbmpositus
681 1692 711 1725 ex
731 1676 839 1724 trimetro
860 1673 978 1735 dactylico

131 1750 205 1799 catal.
218 1752 246 1798 in
260 1750 378 1813 syllabam
394 1758 418 1798 st
433 1752 536 1800 dimetro
550 1753 622 1801 iamb.
639 1753 737 1810 acataL3
754 1753 795 1801 hic
811 1766 905 1816 quoque
921 1765 976 1812 asy-

133 1839 242 1880 nartetus
254 1838 297 1879 est
309 1832 340 1878 cl.
350 1847 373 1879 v.
385 1832 407 1879 6.
421 1833 458 1880 10.
470 1834 507 1882 14.
519 1836 557 1882 24.
570 1836 609 1882 26.

167 1942 215 2005 (d.)
233 1952 347 2005 quartum.

176 2064 236 2109 ,¹oe
259 2068 316 2109 -Ἢ
340 2064 399 2110 ³³7⁹
422 2065 493 2110 3⁹⁹
517 2065 674 2113 3⁹³⁹*
705 2076 956 2139 V.Arcbilccb.maj.

234 2136 244 2165 a
317 2134 326 2165 ι
398 2136 408 2167 2
493 2137 503 2166 a

214 2230 223 2253 ‘
302 2254 317 2263 ·
357 2233 373 2273 -‘
411 2262 426 2272 -
453 2231 525 2286 33:
569 2240 805 2289 Trim.iamb.catal.

168 2354 249 2403 Carm.
262 2355 278 2401 i.
289 2357 311 2403 4.
346 2356 415 2404 Prior
430 2372 522 2414 versus,
541 2372 612 2418 quem
628 2356 710 2404 Graeci
724 2360 801 2418 pcetae
816 2360 980 2417 asynartetum

134 2434 253 2491 iecerunt,
273 2436 338 2496 apud
356 2436 486 2484 Horatium
503 2438 565 2483 bene
584 2438 726 2498 conjunctus
745 2443 795 2492 est3
820 2435 981 2499 nequeenim

134 2513 218 2576 quarti
231 2513 322 2576 dactyli
336 2515 417 2563 locum
432 2517 535 2563 creticus
549 2518 676 2579 occupavit
687 2532 795 2579 unquam
808 2532 886 2578 neque
900 2516 981 2563 hiatus

135 2593 255 2655 reperitur
265 2613 271 2650 ς
287 2596 351 2642 unde
365 2596 513 2657 lcgsoedicus
524 2598 641 2659 appellari
651 2598 727 2659 possit
735 2597 886 2659 quadruplex
897 2596 980 2656 dacty-

133 2673 199 2721 licus
209 2673 336 2735 tripliciter
356 2677 492 2724 trochaicus
507 2678 660 2726 acatalectus.
693 2678 745 2726 Alii
756 2677 913 2725 Alcmanium
924 2691 982 2723 cum

134 2749 301 2813 Ithypballico
312 2754 469 2815 conjunctum
480 2753 571 2802 dicunt.
