2159 3309
303 512 501 566 ultumum
519 511 579 565 111.
597 516 622 576 3,
639 516 665 567 4.

158 615 296 669 Horrenda
306 615 361 669 lnte
372 633 468 669 nomen
480 616 508 669 in
520 616 630 670 ultimae

157 685 293 738 Extendat
305 703 369 751 oras,
382 703 435 755 que
446 686 548 740 medina
559 686 646 755 liquor

193 753 311 807 Secernit
323 755 444 823 Europen
457 755 490 807 ab
502 756 574 823 Afro,

228 823 286 887 Qua
298 824 415 876 tumidus
427 826 496 893 rigat
508 843 572 878 arva
583 824 669 891 Nilus,

160 892 261 945 Aurum
273 893 428 962 irrepertum
439 903 467 947 et
478 894 516 946 sic
527 894 622 947 melius
634 895 717 947 eitum

160 962 247 1027 Quum
259 969 329 1015 terra
341 962 416 1028 celat,
429 980 549 1031 apernere
561 963 653 1017 sortior

194 1031 279 1096 Quam
291 1048 381 1099 cogere
393 1032 521 1085 humanos
532 1032 561 1085 in
574 1050 637 1085 uana

230 1099 312 1152 Omne
325 1118 427 1153 oacrum
439 1102 558 1171 rapiente
570 1102 754 1174 dextrastr
825 1104 831 1112 ’
888 1121 894 1131 ’
936 1098 962 1153 ‘5

161 1167 315 1237 Quicunque
327 1170 426 1223 mundo
437 1171 566 1223 terminus
577 1170 687 1238 obstitit,
710 1169 802 1273 7⁹²¹
823 1194 825 1198 ·

161 1236 241 1290 Hunc
254 1245 347 1306 tanget
359 1239 445 1304 armis,
457 1240 540 1292 risere
552 1240 673 1308 gestiens,

197 1307 256 1372 Quo.
268 1316 343 1376 parte
355 1306 549 1361 debacchentur
561 1309 643 1377 ignee,

230 1376 289 1440 Qua
301 1376 403 1429 nebulae
416 1377 554 1447 pluviique
565 1396 641 1432 rores.

161 1443 212 1498 Sed
225 1445 354 1498 bellicosis
366 1446 424 1500 iata
436 1446 582 1512 Quiritibus

160 1512 219 1566 Hae
231 1515 289 1583 lege
301 1515 366 1582 dico,
379 1534 412 1570 ne
424 1516 536 1569 nimium
548 1516 587 1586 pii

194 1583 334 1653 Rebusque
346 1585 457 1639 fidentes
469 1587 548 1639 avitu

229 1654 309 1707 'I'ecta
320 1654 404 1707 relint
415 1672 536 1724 reperere
549 1656 638 1724 'stojan

159 1721 243 1790 l'rojoe
254 1740 392 1777 renascens
404 1724 469 1777 alite
479 1724 588 1793 lugubri

158 1790 277 1845 Fortuna
289 1793 360 1845 tristi
371 1794 446 1847 clade
458 1794 605 1862 iterabitur,

192 1861 314 1915 Ducente
326 1863 445 1915 victrices
457 1871 576 1917 catervas

228 1931 345 1999 (lonjuge
357 1950 399 1985 me
410 1932 487 1986 Jovia
499 1941 526 1986 et
537 1951 630 1987 sorore.

159 1999 210 2053 Ter
221 2001 243 2052 ai
255 2009 375 2069 resurgat
386 2019 478 2055 murus
489 2004 588 2056 aineua

159 2070 274 2122 Auctore
286 2070 391 2136 Phoebq
404 2078 445 2124 ter
456 2078 547 2140 pereat
558 2072 624 2125 meio

195 2138 307 2191 Exciaua
319 2140 431 2208 Argivis,
444 2147 485 2193 ter
496 2159 565 2193 uxor

230 2207 314 2275 Capta
325 2210 413 2261 virum
424 2227 569 2278 puerosque
581 2210 674 2279 ploret.

162 2275 222 2328 Non
234 2276 284 2329 hoe
291 2279 387 2344 joooaae
400 2280 554 2332 conveniet·
565 2279 643 2347 lyrae:

163 2344 228 2409 Quo,
241 2346 326 2413 Musa,
338 2346 441 2399 tendial
460 2347 556 2401 Desine
568 2349 693 2416 pervicax

197 2414 305 2467 Referre
317 2432 446 2468 aermonea
458 2415 573 2469 Deorum
584 2422 612 2469 et

232 2482 333 2552 Magna
343 2484 428 2537 modia
439 2491 549 2538 tenuue
559 2486 656 2555 parvis.

256 2655 405 2711 cluunt
422 2654 543 2709 ill-uo
556 2668 719 2707 cimorra.

161 2753 311 2806 Dracanon
324 2754 388 2807 coelo
400 2759 427 2807 et
439 2754 482 2807 <lic
495 2772 544 2823 ege
556 2754 623 2809 tibia

163 2824 266 2890 Regina
278 2823 385 2891 longum
398 2824 513 2893 Calliope
524 2825 612 2893 melos,

196 2894 248 2947 Seu
260 2910 323 2947 roce
335 2910 406 2946 nunc
417 2895 502 2947 mavia
513 2902 604 2960 acuta,

225 2962 279 3020 Seu
291 2964 392 3021 fidibus
404 2966 567 3039 citharaque
575 2964 688 3019 ineu»

368 3056 381 3079 ⁶
401 3062 479 3120 boel.
490 3062 633 3105 connectunt
