<?xml version="1.0" encoding="UTF-8"?>
<!DOCTYPE html PUBLIC "-//W3C//DTD XHTML 1.0 Transitional//EN"
    "http://www.w3.org/TR/xhtml1/DTD/xhtml1-transitional.dtd">
<html xmlns="http://www.w3.org/1999/xhtml" xml:lang="en" lang="en">
 <head>
  <title>
</title>
<meta http-equiv="Content-Type" content="text/html;charset=utf-8" />
  <meta name='ocr-system' content='tesseract 3.04.00' />
  <meta name='ocr-capabilities' content='ocr_page ocr_carea ocr_par ocr_line ocrx_word'/>
</head>
<body>
  <div class='ocr_page' id='page_1' title='image "./qhoratiiflaccio01flacgoog_0208.png"; bbox 0 0 2159 3309; ppageno 0'>
   <div class='ocr_carea' id='block_1_1' title="bbox 181 295 651 349">
    <p class='ocr_par' dir='ltr' id='par_1_1' title="bbox 181 295 651 349">
     <span class='ocr_line' id='line_1_1' title="bbox 181 295 651 349; baseline -0.002 -1"><span class='ocrx_word' id='word_1_1' title='bbox 181 296 232 348; x_wconf 85' lang='grc'>186</span> <span class='ocrx_word' id='word_1_2' title='bbox 497 295 651 349; x_wconf 76' lang='grc' dir='ltr'><strong>ΗΟΒΑἩΙ</strong></span> 
     </span>
    </p>
   </div>
   <div class='ocr_carea' id='block_1_2' title="bbox 182 400 916 543">
    <p class='ocr_par' dir='ltr' id='par_1_2' title="bbox 182 400 916 543">
     <span class='ocr_line' id='line_1_2' title="bbox 182 400 916 473; baseline 0.008 -21"><span class='ocrx_word' id='word_1_3' title='bbox 182 400 299 453; x_wconf 84' lang='lat' dir='ltr'>Affertur</span> <span class='ocrx_word' id='word_1_4' title='bbox 310 402 415 470; x_wconf 79' lang='lat' dir='ltr'><strong>squillas</strong></span> <span class='ocrx_word' id='word_1_5' title='bbox 427 404 497 457; x_wconf 87' lang='lat' dir='ltr'>inter</span> <span class='ocrx_word' id='word_1_6' title='bbox 507 421 618 457; x_wconf 88' lang='lat' dir='ltr'>murena</span> <span class='ocrx_word' id='word_1_7' title='bbox 627 411 752 457; x_wconf 85' lang='lat' dir='ltr'>natantes</span> <span class='ocrx_word' id='word_1_8' title='bbox 854 402 916 473; x_wconf 79' lang='lat' dir='ltr'>[mqt</span> 
     </span>
     <span class='ocr_line' id='line_1_3' title="bbox 183 468 916 543; baseline 0.008 -22"><span class='ocrx_word' id='word_1_9' title='bbox 183 468 216 521; x_wconf 94' lang='lat' dir='ltr'>In</span> <span class='ocrx_word' id='word_1_10' title='bbox 233 472 324 537; x_wconf 87' lang='lat' dir='ltr'>patina</span> <span class='ocrx_word' id='word_1_11' title='bbox 338 481 465 540; x_wconf 87' lang='lat' dir='ltr'>porrecta.</span> <span class='ocrx_word' id='word_1_12' title='bbox 502 474 557 526; x_wconf 88' lang='lat' dir='ltr'>Sub</span> <span class='ocrx_word' id='word_1_13' title='bbox 573 474 622 529; x_wconf 93' lang='lat' dir='ltr'>hoc</span> <span class='ocrx_word' id='word_1_14' title='bbox 638 475 725 535; x_wconf 87' lang='lat' dir='ltr'>herus,</span> <span class='ocrx_word' id='word_1_15' title='bbox 751 476 831 529; x_wconf 76' lang='lat' dir='ltr'>‘Haec</span> <span class='ocrx_word' id='word_1_16' title='bbox 842 474 916 543; x_wconf 76' lang='lat' dir='ltr'>gruis</span> 
     </span>
    </p>
   </div>
   <div class='ocr_carea' id='block_1_3' title="bbox 152 539 916 2906">
    <p class='ocr_par' dir='ltr' id='par_1_3' title="bbox 179 539 860 752">
     <span class='ocr_line' id='line_1_4' title="bbox 182 539 854 612; baseline 0.01 -21"><span class='ocrx_word' id='word_1_17' title='bbox 182 539 283 608; x_wconf 78' lang='lat' dir='ltr'>‘Capta</span> <span class='ocrx_word' id='word_1_18' title='bbox 294 546 341 608; x_wconf 89' lang='lat' dir='ltr'>est,</span> <span class='ocrx_word' id='word_1_19' title='bbox 354 541 466 595; x_wconf 81' lang='lat' dir='ltr'>deterior</span> <span class='ocrx_word' id='word_1_20' title='bbox 477 550 535 612; x_wconf 85' lang='lat' dir='ltr'>post</span> <span class='ocrx_word' id='word_1_21' title='bbox 547 551 654 612; x_wconf 87' lang='lat' dir='ltr'>partum</span> <span class='ocrx_word' id='word_1_22' title='bbox 665 560 744 597; x_wconf 84' lang='lat' dir='ltr'>carne</span> <span class='ocrx_word' id='word_1_23' title='bbox 756 545 854 598; x_wconf 75' lang='lat' dir='ltr'>futura</span> 
     </span>
     <span class='ocr_line' id='line_1_5' title="bbox 180 613 860 683; baseline 0.004 -18"><span class='ocrx_word' id='word_1_24' title='bbox 180 613 233 666; x_wconf 88' lang='lat' dir='ltr'>His</span> <span class='ocrx_word' id='word_1_25' title='bbox 244 615 359 667; x_wconf 86' lang='lat' dir='ltr'>mixtum</span> <span class='ocrx_word' id='word_1_26' title='bbox 367 616 412 683; x_wconf 87' lang='lat' dir='ltr'>jus</span> <span class='ocrx_word' id='word_1_27' title='bbox 424 620 476 667; x_wconf 87' lang='lat' dir='ltr'>est:</span> <span class='ocrx_word' id='word_1_28' title='bbox 495 614 558 681; x_wconf 88' lang='lat' dir='ltr'>oleo,</span> <span class='ocrx_word' id='word_1_29' title='bbox 571 615 641 683; x_wconf 91' lang='lat' dir='ltr'>quod</span> <span class='ocrx_word' id='word_1_30' title='bbox 653 615 739 683; x_wconf 84' lang='lat' dir='ltr'>prima</span> <span class='ocrx_word' id='word_1_31' title='bbox 751 614 860 668; x_wconf 78' lang='lat' dir='ltr'>Venafri</span> 
     </span>
     <span class='ocr_line' id='line_1_6' title="bbox 179 682 777 752; baseline 0.002 -17"><span class='ocrx_word' id='word_1_32' title='bbox 179 682 275 736; x_wconf 75' lang='lat' dir='ltr'>Pressit</span> <span class='ocrx_word' id='word_1_33' title='bbox 287 684 367 746; x_wconf 85' lang='lat' dir='ltr'>cella;</span> <span class='ocrx_word' id='word_1_34' title='bbox 385 700 448 750; x_wconf 80' lang='lat' dir='ltr'>garo</span> <span class='ocrx_word' id='word_1_35' title='bbox 460 682 492 735; x_wconf 89' lang='lat' dir='ltr'>de</span> <span class='ocrx_word' id='word_1_36' title='bbox 504 683 587 735; x_wconf 92' lang='lat' dir='ltr'>succis</span> <span class='ocrx_word' id='word_1_37' title='bbox 599 684 677 752; x_wconf 93' lang='lat' dir='ltr'>piscis</span> <span class='ocrx_word' id='word_1_38' title='bbox 691 684 777 748; x_wconf 81' lang='lat' dir='ltr'>lberi3</span> 
     </span>
    </p>

    <p class='ocr_par' dir='ltr' id='par_1_4' title="bbox 178 750 777 832">
     <span class='ocr_line' id='line_1_7' title="bbox 178 750 777 832; baseline 0.002 -28"><span class='ocrx_word' id='word_1_39' title='bbox 178 750 247 805; x_wconf 78' lang='lat' dir='ltr'>Vino</span> <span class='ocrx_word' id='word_1_40' title='bbox 259 752 428 832; x_wconf 84' lang='lat' dir='ltr'>quinquenni,</span> <span class='ocrx_word' id='word_1_41' title='bbox 441 769 532 804; x_wconf 88' lang='lat' dir='ltr'>verum</span> <span class='ocrx_word' id='word_1_42' title='bbox 545 752 611 804; x_wconf 88' lang='lat' dir='ltr'>citra</span> <span class='ocrx_word' id='word_1_43' title='bbox 622 770 694 804; x_wconf 87' lang='lat' dir='ltr'>marc</span> <span class='ocrx_word' id='word_1_44' title='bbox 706 759 777 820; x_wconf 84' lang='lat' dir='ltr'>nato,</span> 
     </span>
    </p>

    <p class='ocr_par' dir='ltr' id='par_1_5' title="bbox 177 820 916 1165">
     <span class='ocr_line' id='line_1_8' title="bbox 177 820 916 888; baseline 0 -15"><span class='ocrx_word' id='word_1_45' title='bbox 177 820 250 873; x_wconf 88' lang='lat' dir='ltr'>Dum</span> <span class='ocrx_word' id='word_1_46' title='bbox 262 826 384 888; x_wconf 80' lang='lat' dir='ltr'>coquitur</span> <span class='ocrx_word' id='word_1_47' title='bbox 391 839 399 884; x_wconf 92' lang='lat'>;</span> <span class='ocrx_word' id='word_1_48' title='bbox 410 849 446 859; x_wconf 95' lang='lat'><em>-</em></span> <span class='ocrx_word' id='word_1_49' title='bbox 457 826 530 873; x_wconf 92' lang='lat' dir='ltr'>coeto</span> <span class='ocrx_word' id='word_1_50' title='bbox 543 821 638 873; x_wconf 81' lang='lat' dir='ltr'>Chium</span> <span class='ocrx_word' id='word_1_51' title='bbox 650 822 686 873; x_wconf 87' lang='lat' dir='ltr'>sic</span> <span class='ocrx_word' id='word_1_52' title='bbox 699 821 830 887; x_wconf 80' lang='lat' dir='ltr'>convenit,</span> <span class='ocrx_word' id='word_1_53' title='bbox 841 826 871 874; x_wconf 84' lang='lat' dir='ltr'>ut</span> <span class='ocrx_word' id='word_1_54' title='bbox 880 836 916 873; x_wconf 82' lang='lat' dir='ltr'>not</span> 
     </span>
     <span class='ocr_line' id='line_1_9' title="bbox 178 888 916 958; baseline 0.001 -16"><span class='ocrx_word' id='word_1_55' title='bbox 178 888 236 942; x_wconf 91' lang='lat' dir='ltr'>Hoc</span> <span class='ocrx_word' id='word_1_56' title='bbox 247 890 331 957; x_wconf 80' lang='lat' dir='ltr'>magis</span> <span class='ocrx_word' id='word_1_57' title='bbox 343 890 428 941; x_wconf 91' lang='lat' dir='ltr'>ullum</span> <span class='ocrx_word' id='word_1_58' title='bbox 440 889 512 942; x_wconf 88' lang='lat' dir='ltr'>aliud</span> <span class='ocrx_word' id='word_1_59' title='bbox 521 908 527 953; x_wconf 74' lang='grc' dir='ltr'><strong><em>ς</em></strong></span> <span class='ocrx_word' id='word_1_60' title='bbox 536 890 669 957; x_wconf 90' lang='lat' dir='ltr'>-pipere</span> <span class='ocrx_word' id='word_1_61' title='bbox 681 889 811 958; x_wconf 90' lang='lat' dir='ltr'>albo,non</span> <span class='ocrx_word' id='word_1_62' title='bbox 819 891 872 943; x_wconf 85' lang='lat' dir='ltr'>sinc</span> <span class='ocrx_word' id='word_1_63' title='bbox 881 905 916 943; x_wconf 77' lang='grc' dir='ltr'>ια</span> 
     </span>
     <span class='ocr_line' id='line_1_10' title="bbox 179 958 805 1026; baseline 0.006 -17"><span class='ocrx_word' id='word_1_64' title='bbox 179 958 255 1021; x_wconf 88' lang='lat' dir='ltr'>Quod</span> <span class='ocrx_word' id='word_1_65' title='bbox 267 958 472 1026; x_wconf 74' lang='lat' dir='ltr'>Methymnaeam</span> <span class='ocrx_word' id='word_1_66' title='bbox 484 959 549 1011; x_wconf 81' lang='lat' dir='ltr'>vitio</span> <span class='ocrx_word' id='word_1_67' title='bbox 561 959 704 1010; x_wconf 82' lang='lat' dir='ltr'>mutaverit</span> <span class='ocrx_word' id='word_1_68' title='bbox 716 976 805 1013; x_wconf 79' lang='lat' dir='ltr'>uvam.</span> 
     </span>
     <span class='ocr_line' id='line_1_11' title="bbox 177 1026 778 1095; baseline 0.003 -16"><span class='ocrx_word' id='word_1_69' title='bbox 177 1026 277 1079; x_wconf 82' lang='lat' dir='ltr'>Erucas</span> <span class='ocrx_word' id='word_1_70' title='bbox 289 1027 391 1094; x_wconf 82' lang='lat' dir='ltr'>virides,</span> <span class='ocrx_word' id='word_1_71' title='bbox 403 1027 490 1080; x_wconf 89' lang='lat' dir='ltr'>inulas</span> <span class='ocrx_word' id='word_1_72' title='bbox 502 1044 551 1095; x_wconf 84' lang='lat' dir='ltr'>ego</span> <span class='ocrx_word' id='word_1_73' title='bbox 563 1028 662 1095; x_wconf 89' lang='lat' dir='ltr'>primus</span> <span class='ocrx_word' id='word_1_74' title='bbox 675 1045 778 1081; x_wconf 84' lang='lat' dir='ltr'>amaras</span> 
     </span>
     <span class='ocr_line' id='line_1_12' title="bbox 177 1095 846 1165; baseline 0.001 -17"><span class='ocrx_word' id='word_1_75' title='bbox 177 1095 324 1149; x_wconf 80' lang='lat' dir='ltr'>Monstravi</span> <span class='ocrx_word' id='word_1_76' title='bbox 336 1097 481 1165; x_wconf 81' lang='lat' dir='ltr'>incoquere,</span> <span class='ocrx_word' id='word_1_77' title='bbox 493 1096 583 1148; x_wconf 85' lang='lat' dir='ltr'>illutos</span> <span class='ocrx_word' id='word_1_78' title='bbox 595 1097 722 1149; x_wconf 77' lang='lat' dir='ltr'>Curtillus</span> <span class='ocrx_word' id='word_1_79' title='bbox 733 1096 846 1163; x_wconf 78' lang='lat' dir='ltr'>echinos,</span> 
     </span>
    </p>

    <p class='ocr_par' dir='ltr' id='par_1_6' title="bbox 178 1164 836 1303">
     <span class='ocr_line' id='line_1_13' title="bbox 178 1164 836 1234; baseline 0.005 -17"><span class='ocrx_word' id='word_1_80' title='bbox 178 1164 216 1218; x_wconf 88' lang='lat' dir='ltr'>Ut</span> <span class='ocrx_word' id='word_1_81' title='bbox 228 1165 320 1217; x_wconf 87' lang='lat' dir='ltr'>melius</span> <span class='ocrx_word' id='word_1_82' title='bbox 332 1166 418 1217; x_wconf 91' lang='lat' dir='ltr'>muria</span> <span class='ocrx_word' id='word_1_83' title='bbox 430 1165 499 1234; x_wconf 94' lang='lat' dir='ltr'>quod</span> <span class='ocrx_word' id='word_1_84' title='bbox 510 1171 580 1217; x_wconf 83' lang='lat' dir='ltr'>testa</span> <span class='ocrx_word' id='word_1_85' title='bbox 590 1166 693 1217; x_wconf 81' lang='lat' dir='ltr'>marina</span> <span class='ocrx_word' id='word_1_86' title='bbox 704 1166 836 1220; x_wconf 72' lang='lat' dir='ltr'>remittit’</span> 
     </span>
     <span class='ocr_line' id='line_1_14' title="bbox 178 1233 721 1303; baseline 0.002 -18"><span class='ocrx_word' id='word_1_87' title='bbox 178 1233 284 1287; x_wconf 90' lang='lat' dir='ltr'>Interea</span> <span class='ocrx_word' id='word_1_88' title='bbox 296 1251 420 1303; x_wconf 88' lang='lat' dir='ltr'>suspensa</span> <span class='ocrx_word' id='word_1_89' title='bbox 431 1250 522 1302; x_wconf 82' lang='lat' dir='ltr'>graves</span> <span class='ocrx_word' id='word_1_90' title='bbox 535 1234 621 1287; x_wconf 85' lang='lat' dir='ltr'>aulaea</span> <span class='ocrx_word' id='word_1_91' title='bbox 630 1235 721 1286; x_wconf 88' lang='lat' dir='ltr'>ruinas</span> 
     </span>
    </p>

    <p class='ocr_par' dir='ltr' id='par_1_7' title="bbox 179 1302 841 1441">
     <span class='ocr_line' id='line_1_15' title="bbox 179 1302 784 1372; baseline 0 -16"><span class='ocrx_word' id='word_1_92' title='bbox 179 1302 213 1356; x_wconf 93' lang='lat' dir='ltr'>In</span> <span class='ocrx_word' id='word_1_93' title='bbox 225 1304 344 1372; x_wconf 86' lang='lat' dir='ltr'>patinam</span> <span class='ocrx_word' id='word_1_94' title='bbox 355 1304 445 1369; x_wconf 87' lang='lat' dir='ltr'>fecere,</span> <span class='ocrx_word' id='word_1_95' title='bbox 459 1302 592 1355; x_wconf 79' lang='lat' dir='ltr'>trahentia</span> <span class='ocrx_word' id='word_1_96' title='bbox 604 1303 719 1371; x_wconf 81' lang='lat' dir='ltr'>pulveris</span> <span class='ocrx_word' id='word_1_97' title='bbox 731 1303 784 1356; x_wconf 82' lang='lat' dir='ltr'>atri</span> 
     </span>
     <span class='ocr_line' id='line_1_16' title="bbox 179 1372 841 1441; baseline 0.005 -18"><span class='ocrx_word' id='word_1_98' title='bbox 179 1372 315 1435; x_wconf 83' lang='lat' dir='ltr'>Quantum</span> <span class='ocrx_word' id='word_1_99' title='bbox 327 1390 379 1425; x_wconf 92' lang='lat' dir='ltr'>non</span> <span class='ocrx_word' id='word_1_100' title='bbox 392 1372 487 1439; x_wconf 86' lang='lat' dir='ltr'>Aquilo</span> <span class='ocrx_word' id='word_1_101' title='bbox 500 1372 638 1441; x_wconf 77' lang='lat' dir='ltr'>(lampenis</span> <span class='ocrx_word' id='word_1_102' title='bbox 651 1373 751 1425; x_wconf 84' lang='lat' dir='ltr'>excitat</span> <span class='ocrx_word' id='word_1_103' title='bbox 763 1373 841 1439; x_wconf 81' lang='lat' dir='ltr'>agris.</span> 
     </span>
    </p>

    <p class='ocr_par' dir='ltr' id='par_1_8' title="bbox 176 1441 863 1646">
     <span class='ocr_line' id='line_1_17' title="bbox 178 1441 826 1510; baseline 0 -16"><span class='ocrx_word' id='word_1_104' title='bbox 178 1442 232 1495; x_wconf 87' lang='lat' dir='ltr'>Nos</span> <span class='ocrx_word' id='word_1_105' title='bbox 243 1444 328 1510; x_wconf 87' lang='lat' dir='ltr'>majus</span> <span class='ocrx_word' id='word_1_106' title='bbox 340 1442 424 1508; x_wconf 82' lang='lat' dir='ltr'>veriti,</span> <span class='ocrx_word' id='word_1_107' title='bbox 437 1446 575 1509; x_wconf 87' lang='lat' dir='ltr'>postquam</span> <span class='ocrx_word' id='word_1_108' title='bbox 587 1441 655 1493; x_wconf 89' lang='lat' dir='ltr'>nihil</span> <span class='ocrx_word' id='word_1_109' title='bbox 666 1458 721 1493; x_wconf 90' lang='lat' dir='ltr'>esse</span> <span class='ocrx_word' id='word_1_110' title='bbox 733 1442 826 1510; x_wconf 86' lang='lat' dir='ltr'>pericli</span> 
     </span>
     <span class='ocr_line' id='line_1_18' title="bbox 179 1510 863 1579; baseline 0 -16"><span class='ocrx_word' id='word_1_111' title='bbox 179 1510 318 1578; x_wconf 81' lang='lat' dir='ltr'>Sensimus,</span> <span class='ocrx_word' id='word_1_112' title='bbox 331 1511 462 1578; x_wconf 81' lang='lat' dir='ltr'>erigimur.</span> <span class='ocrx_word' id='word_1_113' title='bbox 499 1510 584 1562; x_wconf 84' lang='lat' dir='ltr'>Rufus</span> <span class='ocrx_word' id='word_1_114' title='bbox 597 1510 680 1578; x_wconf 89' lang='lat' dir='ltr'>posito</span> <span class='ocrx_word' id='word_1_115' title='bbox 692 1511 788 1579; x_wconf 84' lang='lat' dir='ltr'>capite,</span> <span class='ocrx_word' id='word_1_116' title='bbox 800 1511 863 1564; x_wconf 88' lang='lat' dir='ltr'>utsi</span> 
     </span>
     <span class='ocr_line' id='line_1_19' title="bbox 176 1577 806 1646; baseline 0.002 -14"><span class='ocrx_word' id='word_1_117' title='bbox 176 1579 262 1632; x_wconf 78' lang='lat' dir='ltr'>Filius</span> <span class='ocrx_word' id='word_1_118' title='bbox 274 1580 430 1632; x_wconf 90' lang='lat' dir='ltr'>immaturus</span> <span class='ocrx_word' id='word_1_119' title='bbox 443 1577 545 1646; x_wconf 85' lang='lat' dir='ltr'>obisset,</span> <span class='ocrx_word' id='word_1_120' title='bbox 557 1579 625 1631; x_wconf 85' lang='lat' dir='ltr'>fiere.</span> <span class='ocrx_word' id='word_1_121' title='bbox 661 1578 726 1643; x_wconf 86' lang='lat' dir='ltr'>Quis</span> <span class='ocrx_word' id='word_1_122' title='bbox 738 1585 806 1633; x_wconf 84' lang='lat' dir='ltr'>esset</span> 
     </span>
    </p>

    <p class='ocr_par' dir='ltr' id='par_1_9' title="bbox 179 1648 908 1855">
     <span class='ocr_line' id='line_1_20' title="bbox 179 1648 784 1717; baseline -0.002 -15"><span class='ocrx_word' id='word_1_123' title='bbox 179 1649 260 1717; x_wconf 85' lang='lat' dir='ltr'>Finis,</span> <span class='ocrx_word' id='word_1_124' title='bbox 272 1649 301 1700; x_wconf 89' lang='lat' dir='ltr'>ni</span> <span class='ocrx_word' id='word_1_125' title='bbox 313 1649 415 1717; x_wconf 90' lang='lat' dir='ltr'>sapiens</span> <span class='ocrx_word' id='word_1_126' title='bbox 428 1648 464 1700; x_wconf 89' lang='lat' dir='ltr'>sic</span> <span class='ocrx_word' id='word_1_127' title='bbox 477 1648 657 1700; x_wconf 78' lang='lat' dir='ltr'>Nomentanus</span> <span class='ocrx_word' id='word_1_128' title='bbox 668 1648 784 1701; x_wconf 83' lang='lat' dir='ltr'>amicum</span> 
     </span>
     <span class='ocr_line' id='line_1_21' title="bbox 181 1717 908 1786; baseline -0.011 -10"><span class='ocrx_word' id='word_1_129' title='bbox 181 1723 311 1775; x_wconf 88' lang='lat' dir='ltr'>Tolleret:</span> <span class='ocrx_word' id='word_1_130' title='bbox 330 1720 414 1786; x_wconf 87' lang='lat' dir='ltr'>‘Heu,</span> <span class='ocrx_word' id='word_1_131' title='bbox 427 1719 552 1785; x_wconf 83' lang='lat' dir='ltr'>Fortuna,</span> <span class='ocrx_word' id='word_1_132' title='bbox 565 1718 624 1786; x_wconf 91' lang='lat' dir='ltr'>quis</span> <span class='ocrx_word' id='word_1_133' title='bbox 635 1724 676 1770; x_wconf 88' lang='lat' dir='ltr'>est</span> <span class='ocrx_word' id='word_1_134' title='bbox 687 1717 818 1770; x_wconf 83' lang='lat' dir='ltr'>crudelior</span> <span class='ocrx_word' id='word_1_135' title='bbox 828 1717 857 1769; x_wconf 91' lang='lat' dir='ltr'>in</span> <span class='ocrx_word' id='word_1_136' title='bbox 867 1729 908 1768; x_wconf 77' lang='lat' dir='ltr'>not</span> 
     </span>
     <span class='ocr_line' id='line_1_22' title="bbox 181 1786 831 1855; baseline -0.011 -10"><span class='ocrx_word' id='word_1_137' title='bbox 181 1791 218 1844; x_wconf 67' lang='lat' dir='ltr'>Te</span> <span class='ocrx_word' id='word_1_138' title='bbox 231 1792 302 1844; x_wconf 91' lang='lat' dir='ltr'>Deus</span> <span class='ocrx_word' id='word_1_139' title='bbox 314 1789 324 1842; x_wconf 82' lang='lat' dir='ltr'>l</span> <span class='ocrx_word' id='word_1_140' title='bbox 359 1788 397 1840; x_wconf 90' lang='lat' dir='ltr'>Ut</span> <span class='ocrx_word' id='word_1_141' title='bbox 410 1804 510 1855; x_wconf 86' lang='lat' dir='ltr'>semper</span> <span class='ocrx_word' id='word_1_142' title='bbox 522 1787 619 1855; x_wconf 81' lang='lat' dir='ltr'>gaudes</span> <span class='ocrx_word' id='word_1_143' title='bbox 632 1786 742 1839; x_wconf 87' lang='lat' dir='ltr'>illudere</span> <span class='ocrx_word' id='word_1_144' title='bbox 753 1786 831 1839; x_wconf 88' lang='lat' dir='ltr'>rebus</span> 
     </span>
    </p>

    <p class='ocr_par' dir='ltr' id='par_1_10' title="bbox 183 1857 838 1924">
     <span class='ocr_line' id='line_1_23' title="bbox 183 1857 838 1924; baseline -0.009 -11"><span class='ocrx_word' id='word_1_145' title='bbox 183 1859 316 1913; x_wconf 80' lang='lat' dir='ltr'>Humanis</span> <span class='ocrx_word' id='word_1_146' title='bbox 328 1858 343 1914; x_wconf 80' lang='lat' dir='ltr'>i&#39;</span> <span class='ocrx_word' id='word_1_147' title='bbox 362 1857 460 1909; x_wconf 87' lang='lat' dir='ltr'>Varius</span> <span class='ocrx_word' id='word_1_148' title='bbox 471 1873 569 1924; x_wconf 84' lang='lat' dir='ltr'>mappa</span> <span class='ocrx_word' id='word_1_149' title='bbox 581 1872 742 1923; x_wconf 82' lang='lat' dir='ltr'>compescere</span> <span class='ocrx_word' id='word_1_150' title='bbox 753 1857 838 1908; x_wconf 88' lang='lat' dir='ltr'>risum</span> 
     </span>
    </p>

    <p class='ocr_par' dir='ltr' id='par_1_11' title="bbox 183 1925 857 1999">
     <span class='ocr_line' id='line_1_24' title="bbox 183 1925 857 1999; baseline -0.007 -17"><span class='ocrx_word' id='word_1_151' title='bbox 183 1929 237 1982; x_wconf 84' lang='lat' dir='ltr'>Vix</span> <span class='ocrx_word' id='word_1_152' title='bbox 250 1932 360 1999; x_wconf 89' lang='lat' dir='ltr'>poterat.</span> <span class='ocrx_word' id='word_1_153' title='bbox 396 1926 503 1977; x_wconf 87' lang='lat' dir='ltr'>Balatro</span> <span class='ocrx_word' id='word_1_154' title='bbox 515 1925 675 1993; x_wconf 88' lang='lat' dir='ltr'>suspendens</span> <span class='ocrx_word' id='word_1_155' title='bbox 687 1925 775 1977; x_wconf 90' lang='lat' dir='ltr'>omnia</span> <span class='ocrx_word' id='word_1_156' title='bbox 786 1941 857 1992; x_wconf 87' lang='lat' dir='ltr'>naso,</span> 
     </span>
    </p>

    <p class='ocr_par' dir='ltr' id='par_1_12' title="bbox 177 1992 846 2270">
     <span class='ocr_line' id='line_1_25' title="bbox 183 1992 793 2063; baseline -0.01 -11"><span class='ocrx_word' id='word_1_157' title='bbox 183 1999 265 2052; x_wconf 85' lang='lat' dir='ltr'>‘Hoec</span> <span class='ocrx_word' id='word_1_158' title='bbox 277 2004 317 2051; x_wconf 87' lang='lat' dir='ltr'>est</span> <span class='ocrx_word' id='word_1_159' title='bbox 329 1995 444 2049; x_wconf 90' lang='lat' dir='ltr'>conditio</span> <span class='ocrx_word' id='word_1_160' title='bbox 456 1992 577 2060; x_wconf 85' lang='lat' dir='ltr'>vivendi,&#39;</span> <span class='ocrx_word' id='word_1_161' title='bbox 590 1992 684 2059; x_wconf 87' lang='lat' dir='ltr'>aicbat,</span> <span class='ocrx_word' id='word_1_162' title='bbox 697 1994 793 2063; x_wconf 86' lang='lat' dir='ltr'>‘eoque</span> 
     </span>
     <span class='ocr_line' id='line_1_26' title="bbox 178 2062 846 2139; baseline -0.01 -15"><span class='ocrx_word' id='word_1_163' title='bbox 178 2070 342 2139; x_wconf 82' lang='lat' dir='ltr'>Responsura</span> <span class='ocrx_word' id='word_1_164' title='bbox 354 2075 400 2120; x_wconf 90' lang='lat' dir='ltr'>tuo</span> <span class='ocrx_word' id='word_1_165' title='bbox 413 2081 550 2133; x_wconf 87' lang='lat' dir='ltr'>nunquam</span> <span class='ocrx_word' id='word_1_166' title='bbox 562 2070 602 2116; x_wconf 87' lang='lat' dir='ltr'>est</span> <span class='ocrx_word' id='word_1_167' title='bbox 614 2081 662 2132; x_wconf 87' lang='lat' dir='ltr'>par</span> <span class='ocrx_word' id='word_1_168' title='bbox 673 2063 745 2115; x_wconf 84' lang='lat' dir='ltr'>fama</span> <span class='ocrx_word' id='word_1_169' title='bbox 756 2062 846 2117; x_wconf 84' lang='lat' dir='ltr'>labori</span> 
     </span>
     <span class='ocr_line' id='line_1_27' title="bbox 177 2132 813 2206; baseline -0.013 -13"><span class='ocrx_word' id='word_1_170' title='bbox 177 2140 253 2206; x_wconf 74' lang='lat' dir='ltr'>Tene,</span> <span class='ocrx_word' id='word_1_171' title='bbox 267 2144 297 2191; x_wconf 91' lang='lat' dir='ltr'>ut</span> <span class='ocrx_word' id='word_1_172' title='bbox 308 2154 356 2205; x_wconf 85' lang='lat' dir='ltr'>ego</span> <span class='ocrx_word' id='word_1_173' title='bbox 368 2136 482 2204; x_wconf 88' lang='lat' dir='ltr'>accipiar</span> <span class='ocrx_word' id='word_1_174' title='bbox 493 2134 572 2200; x_wconf 89' lang='lat' dir='ltr'>laute,</span> <span class='ocrx_word' id='word_1_175' title='bbox 585 2132 729 2201; x_wconf 87' lang='lat' dir='ltr'>torquerier</span> <span class='ocrx_word' id='word_1_176' title='bbox 740 2133 813 2185; x_wconf 90' lang='lat' dir='ltr'>omni</span> 
     </span>
     <span class='ocr_line' id='line_1_28' title="bbox 178 2201 795 2270; baseline -0.015 -9"><span class='ocrx_word' id='word_1_177' title='bbox 178 2207 361 2262; x_wconf 69' lang='lat' dir='ltr'>sollicitudine</span> <span class='ocrx_word' id='word_1_178' title='bbox 374 2205 530 2269; x_wconf 86' lang='lat' dir='ltr'>districtum,</span> <span class='ocrx_word' id='word_1_179' title='bbox 544 2219 577 2255; x_wconf 91' lang='lat' dir='ltr'>ne</span> <span class='ocrx_word' id='word_1_180' title='bbox 589 2201 664 2270; x_wconf 90' lang='lat' dir='ltr'>panis</span> <span class='ocrx_word' id='word_1_181' title='bbox 676 2202 795 2267; x_wconf 89' lang='lat' dir='ltr'>adustus,</span> 
     </span>
    </p>

    <p class='ocr_par' dir='ltr' id='par_1_13' title="bbox 178 2275 830 2482">
     <span class='ocr_line' id='line_1_29' title="bbox 178 2275 814 2341; baseline -0.014 -11"><span class='ocrx_word' id='word_1_182' title='bbox 178 2278 204 2331; x_wconf 87' lang='lat' dir='ltr'>N</span> <span class='ocrx_word' id='word_1_183' title='bbox 205 2296 219 2330; x_wconf 88' lang='lat' dir='ltr'>e</span> <span class='ocrx_word' id='word_1_184' title='bbox 231 2276 299 2329; x_wconf 86' lang='lat' dir='ltr'>male</span> <span class='ocrx_word' id='word_1_185' title='bbox 311 2276 447 2328; x_wconf 90' lang='lat' dir='ltr'>conditum</span> <span class='ocrx_word' id='word_1_186' title='bbox 455 2275 500 2341; x_wconf 91' lang='lat' dir='ltr'>jus</span> <span class='ocrx_word' id='word_1_187' title='bbox 512 2277 668 2340; x_wconf 89' lang='lat' dir='ltr'>apponatur,</span> <span class='ocrx_word' id='word_1_188' title='bbox 680 2276 712 2322; x_wconf 88' lang='lat' dir='ltr'>ut</span> <span class='ocrx_word' id='word_1_189' title='bbox 724 2286 814 2322; x_wconf 88' lang='lat' dir='ltr'>omnes</span> 
     </span>
     <span class='ocr_line' id='line_1_30' title="bbox 180 2338 830 2411; baseline -0.011 -12"><span class='ocrx_word' id='word_1_190' title='bbox 180 2346 319 2399; x_wconf 74' lang='lat' dir='ltr'>Pracineti</span> <span class='ocrx_word' id='word_1_191' title='bbox 332 2351 401 2396; x_wconf 89' lang='lat' dir='ltr'>reete</span> <span class='ocrx_word' id='word_1_192' title='bbox 413 2342 487 2411; x_wconf 89' lang='lat' dir='ltr'>pueri</span> <span class='ocrx_word' id='word_1_193' title='bbox 500 2340 649 2409; x_wconf 89' lang='lat' dir='ltr'>comptique</span> <span class='ocrx_word' id='word_1_194' title='bbox 660 2338 830 2392; x_wconf 81' lang='lat' dir='ltr'>ministranti</span> 
     </span>
     <span class='ocr_line' id='line_1_31' title="bbox 178 2408 774 2482; baseline -0.015 -14"><span class='ocrx_word' id='word_1_195' title='bbox 178 2416 254 2468; x_wconf 82' lang='lat' dir='ltr'>Adde</span> <span class='ocrx_word' id='word_1_196' title='bbox 266 2415 313 2466; x_wconf 88' lang='lat' dir='ltr'>hos</span> <span class='ocrx_word' id='word_1_197' title='bbox 325 2419 451 2482; x_wconf 79' lang='lat' dir='ltr'>praeterea</span> <span class='ocrx_word' id='word_1_198' title='bbox 462 2428 545 2476; x_wconf 88' lang='lat' dir='ltr'>casus,</span> <span class='ocrx_word' id='word_1_199' title='bbox 557 2410 642 2462; x_wconf 89' lang='lat' dir='ltr'>aulaea</span> <span class='ocrx_word' id='word_1_200' title='bbox 653 2414 733 2460; x_wconf 90' lang='lat' dir='ltr'>ruant</span> <span class='ocrx_word' id='word_1_201' title='bbox 745 2408 774 2474; x_wconf 91' lang='lat' dir='ltr'>si,</span> 
     </span>
    </p>

    <p class='ocr_par' dir='ltr' id='par_1_14' title="bbox 178 2477 884 2614">
     <span class='ocr_line' id='line_1_32' title="bbox 179 2477 884 2550; baseline -0.011 -13"><span class='ocrx_word' id='word_1_202' title='bbox 179 2484 217 2537; x_wconf 85' lang='lat' dir='ltr'>Ut</span> <span class='ocrx_word' id='word_1_203' title='bbox 228 2484 304 2536; x_wconf 92' lang='lat' dir='ltr'>modo</span> <span class='ocrx_word' id='word_1_204' title='bbox 315 2501 322 2546; x_wconf 88' lang='lat'>;</span> <span class='ocrx_word' id='word_1_205' title='bbox 340 2482 362 2533; x_wconf 91' lang='lat' dir='ltr'>si</span> <span class='ocrx_word' id='word_1_206' title='bbox 374 2482 492 2550; x_wconf 86' lang='lat' dir='ltr'>patinam</span> <span class='ocrx_word' id='word_1_207' title='bbox 504 2479 571 2548; x_wconf 89' lang='lat' dir='ltr'>pede</span> <span class='ocrx_word' id='word_1_208' title='bbox 583 2479 671 2546; x_wconf 89' lang='lat' dir='ltr'>lapsus</span> <span class='ocrx_word' id='word_1_209' title='bbox 683 2477 790 2545; x_wconf 79' lang='lat' dir='ltr'>frangat</span> <span class='ocrx_word' id='word_1_210' title='bbox 802 2491 884 2546; x_wconf 74' lang='lat' dir='ltr'>agaso.</span> 
     </span>
     <span class='ocr_line' id='line_1_33' title="bbox 178 2546 756 2614; baseline -0.016 -8"><span class='ocrx_word' id='word_1_211' title='bbox 178 2552 230 2607; x_wconf 84' lang='lat' dir='ltr'>Sed</span> <span class='ocrx_word' id='word_1_212' title='bbox 243 2550 415 2606; x_wconf 82' lang='lat' dir='ltr'>convivatoris</span> <span class='ocrx_word' id='word_1_213' title='bbox 429 2549 468 2601; x_wconf 92' lang='lat' dir='ltr'>uti</span> <span class='ocrx_word' id='word_1_214' title='bbox 480 2548 555 2601; x_wconf 92' lang='lat' dir='ltr'>ducis</span> <span class='ocrx_word' id='word_1_215' title='bbox 567 2546 703 2614; x_wconf 87' lang='lat' dir='ltr'>ingenium</span> <span class='ocrx_word' id='word_1_216' title='bbox 714 2562 756 2598; x_wconf 84' lang='lat' dir='ltr'>res</span> 
     </span>
    </p>

    <p class='ocr_par' dir='ltr' id='par_1_15' title="bbox 152 2615 916 2906">
     <span class='ocr_line' id='line_1_34' title="bbox 179 2615 764 2679; baseline -0.021 -2"><span class='ocrx_word' id='word_1_217' title='bbox 179 2623 301 2679; x_wconf 84' lang='lat' dir='ltr'>Adversae</span> <span class='ocrx_word' id='word_1_218' title='bbox 314 2619 414 2671; x_wconf 88' lang='lat' dir='ltr'>nudare</span> <span class='ocrx_word' id='word_1_219' title='bbox 426 2619 517 2679; x_wconf 81' lang='lat' dir='ltr'>solent,</span> <span class='ocrx_word' id='word_1_220' title='bbox 530 2616 613 2667; x_wconf 86' lang='lat' dir='ltr'>celare</span> <span class='ocrx_word' id='word_1_221' title='bbox 626 2615 764 2667; x_wconf 71' lang='lat' dir='ltr'>secunda!</span> 
     </span>
     <span class='ocr_line' id='line_1_35' title="bbox 178 2679 915 2765; baseline -0.014 -19"><span class='ocrx_word' id='word_1_222' title='bbox 178 2691 337 2748; x_wconf 85' lang='lat' dir='ltr'>Nasidienus</span> <span class='ocrx_word' id='word_1_223' title='bbox 349 2688 383 2740; x_wconf 87' lang='lat' dir='ltr'>ad</span> <span class='ocrx_word' id='word_1_224' title='bbox 395 2688 450 2740; x_wconf 83' lang='lat' dir='ltr'>hoec</span> <span class='ocrx_word' id='word_1_225' title='bbox 462 2705 468 2739; x_wconf 93' lang='lat'>:</span> <span class='ocrx_word' id='word_1_226' title='bbox 485 2684 561 2737; x_wconf 74' lang='lat' dir='ltr'>‘Tibi</span> <span class='ocrx_word' id='word_1_227' title='bbox 573 2684 617 2750; x_wconf 90' lang='lat' dir='ltr'>Di,</span> <span class='ocrx_word' id='word_1_228' title='bbox 630 2701 793 2765; x_wconf 82' lang='lat' dir='ltr'>quaecuuque</span> <span class='ocrx_word' id='word_1_229' title='bbox 806 2679 915 2759; x_wconf 65' lang='lat' dir='ltr'>procerit,</span> 
     </span>
     <span class='ocr_line' id='line_1_36' title="bbox 168 2753 916 2817; baseline -0.015 -5"><span class='ocrx_word' id='word_1_230' title='bbox 168 2759 313 2815; x_wconf 81' lang='lat' dir='ltr'>Commoda</span> <span class='ocrx_word' id='word_1_231' title='bbox 325 2758 408 2815; x_wconf 84' lang='lat' dir='ltr'>dent!</span> <span class='ocrx_word' id='word_1_232' title='bbox 447 2755 492 2810; x_wconf 89' lang='lat' dir='ltr'>Ita</span> <span class='ocrx_word' id='word_1_233' title='bbox 503 2754 545 2809; x_wconf 82' lang='lat' dir='ltr'>vir</span> <span class='ocrx_word' id='word_1_234' title='bbox 554 2753 643 2807; x_wconf 87' lang='lat' dir='ltr'>honus</span> <span class='ocrx_word' id='word_1_235' title='bbox 653 2770 682 2805; x_wconf 84' lang='lat' dir='ltr'>es</span> <span class='ocrx_word' id='word_1_236' title='bbox 692 2769 851 2817; x_wconf 62' lang='lat' dir='ltr'>conexaeque</span> <span class='ocrx_word' id='word_1_237' title='bbox 859 2764 916 2803; x_wconf 81' lang='lat' dir='ltr'>comt</span> 
     </span>
     <span class='ocr_line' id='line_1_37' title="bbox 152 2818 879 2906; baseline -0.003 -18"><span class='ocrx_word' id='word_1_238' title='bbox 152 2828 196 2885; x_wconf 79' lang='lat' dir='ltr'>Et</span> <span class='ocrx_word' id='word_1_239' title='bbox 206 2832 298 2890; x_wconf 84' lang='lat' dir='ltr'>soleas</span> <span class='ocrx_word' id='word_1_240' title='bbox 307 2831 406 2906; x_wconf 87' lang='lat' dir='ltr'>poscit.</span> <span class='ocrx_word' id='word_1_241' title='bbox 447 2830 521 2885; x_wconf 79' lang='lat' dir='ltr'>&#39;lum</span> <span class='ocrx_word' id='word_1_242' title='bbox 533 2826 649 2881; x_wconf 72' lang='lat' dir='ltr'>inlecta</span> <span class='ocrx_word' id='word_1_243' title='bbox 660 2836 769 2891; x_wconf 53' lang='lat' dir='ltr'>quw</span> <span class='ocrx_word' id='word_1_244' title='bbox 776 2818 879 2869; x_wconf 52' lang='lat' dir='ltr'>&#39;illm</span> 
     </span>
    </p>
   </div>
   <div class='ocr_carea' id='block_1_4' title="bbox 0 0 1084 3309">
    <p class='ocr_par' dir='ltr' id='par_1_16' title="bbox 0 0 1084 3309">
     <span class='ocr_line' id='line_1_38' title="bbox 0 0 1084 3309; baseline 0 1"><span class='ocrx_word' id='word_1_245' title='bbox 0 0 1084 3309; x_wconf 95' lang='lat' dir='ltr'> </span> 
     </span>
    </p>
   </div>
  </div>
 </body>
</html>
