2159 3309
266 266 334 319 ΑΕΒ
352 266 509 320 POETICA.
727 259 779 317 247

146 385 203 419 uem
216 367 313 419 scabies
325 374 374 420 aut
386 368 489 419 morbus
501 366 590 434 regius
602 370 680 433 urget

147 455 192 488 cus
205 455 274 488 error
287 445 313 488 et
326 438 451 488 iracunda
465 437 557 501 Diana,

146 507 256 573 aetigisse
269 507 364 558 timent
377 507 536 573 fugiuntque
549 506 662 573 poetam,

146 583 179 634 rt;
197 576 301 641 agitant
313 576 387 642 pueri
400 576 552 641 incautique
565 580 719 641 sequuntur.

146 643 261 695 eublimis
274 661 361 695 versus
373 651 492 694 ructatur
505 653 531 695 et
543 651 621 710 errat,

146 712 236 763 rerulis
249 712 365 763 intentus
378 713 475 763 decidit
487 730 582 778 auceps

146 782 303 847 ⁴feveumve,
317 781 387 844 licet,
401 781 415 807 “
426 776 601 842 Succurrite‚'’
615 775 724 842 longum

146 851 169 902 [ο
182 851 252 903 cives
262 849 286 904 !”
305 866 359 901 non
372 849 414 914 sit,
427 848 472 915 qui
485 848 576 899 tollere
589 852 670 898 curet.
736 841 789 895 46«)

147 933 177 966 us
190 933 263 983 opem
277 918 344 967 ferre
357 923 383 968 et
395 917 532 968 demittere
544 918 642 983 funem,

146 1003 160 1035 u
173 985 288 1052 prudens
300 984 353 1035 hue
365 1002 392 1036 se
404 986 545 1051 projecerit
557 994 636 1054 atque

147 1054 189 1105 iti
223 1047 325 1114 Dicam,
338 1052 472 1121 Siculique
484 1056 568 1121 poetae

147 1122 267 1173 teritum.
303 1122 374 1173 Deus
386 1123 540 1174 immortalis
553 1121 643 1174 haberi

160 1190 337 1258 Empedocles,
349 1192 484 1243 ardentem
497 1192 609 1258 frigidus
620 1192 733 1245 AEtnam

147 1260 181 1312 3it
189 1262 233 1327 jue
247 1259 375 1326 liceatque
388 1261 471 1328 perire
484 1261 569 1328 potitis
576 1279 584 1324 ;

147 1330 168 1380 ri
181 1335 275 1394 servat,
289 1329 358 1380 idem
371 1329 437 1381 facit
449 1329 585 1382 occidenti.

149 1397 197 1449 hoc
210 1397 290 1460 feeit;
309 1414 364 1464 nec,
377 1397 399 1448 si
411 1406 540 1450 retractus
553 1399 611 1464 erit,
620 1400 678 1467 jum
731 1437 733 1439 ψ

150 1475 177 1518 et
189 1474 269 1534 ponet
283 1467 388 1518 famosae
400 1468 491 1519 mortis
504 1485 625 1520 amorem.

147 1543 248 1603 pparet.
262 1553 308 1586 cur
320 1553 409 1587 versus
421 1537 533 1593 factitet.
547 1543 638 1588 utrum
723 1538 776 1591 470

147 1606 231 1656 utnon
244 1604 351 1671 eineres,
363 1622 397 1656 an
410 1604 485 1656 triste
497 1602 617 1657 bidental

147 1679 244 1723 uentus:
263 1678 333 1723 certe
346 1672 411 1724 furit
423 1690 454 1724 ac
467 1673 540 1725 velut
553 1690 630 1727 ursus

147 1757 208 1791 tveae
221 1740 306 1791 valuit
319 1740 340 1791 si
353 1740 472 1808 frangere
485 1742 607 1807 ciathrou

147 1809 300 1875 doctumque
312 1810 389 1875 fugat
402 1812 524 1862 recitator
536 1812 660 1875 acerbus;

159 1878 278 1945 arripuit,
291 1886 364 1930 tenet
377 1880 523 1947 occiditque
536 1880 654 1947 legendo,

147 1965 172 1999 ra
184 1958 270 1998 cutem
285 1947 335 1997 uisi
348 1947 426 2015 plenu
439 1949 536 2001 cruoris
551 1949 653 2003 hirudo.
