2159 3309
241 276 451 331 SA'HRARUM
470 275 510 329 11.
528 280 552 342 6,
571 277 595 330 7.
760 271 812 325 181

138 375 158 428 si
169 394 301 445 purpurea
313 383 460 446 porrectum
472 377 500 428 in
512 383 585 429 vesto
596 377 694 430 locavit

138 462 169 510 ιιι,
182 446 266 500 soluti
278 447 426 498 succinctus
438 447 548 497 cursitat
561 446 653 513 hospes

138 521 219 583 atquc
231 515 319 583 dapes,
331 532 378 567 noc
391 532 443 567 non
456 516 590 567 verniliter
602 516 665 582 ipsis

138 600 158 634 u·
169 582 266 648 officiis,
280 583 451 651 praelambens
463 601 539 635 omne
552 585 621 651 quod
633 584 716 637 affert

138 668 184 704 ans
196 652 295 719 gaudet
306 660 410 705 mutata
422 660 490 704 sorte
503 653 628 720 bonisque
764 655 814 705 110

138 720 180 789 git
191 720 284 774 laetum
297 723 441 786 convivam,
455 738 536 787 quum
549 722 636 774 subito
648 722 742 789 ingens

140 806 168 841 m
178 791 304 859 strepitus
317 790 391 842 lectis
404 791 519 842 excussit
532 798 682 858 utrumque.

143 875 190 928 per
201 865 287 911 totum
299 860 390 928 pavidi
402 859 531 924 conclave,
544 860 628 927 magis
645 877 680 912 ue

139 944 165 980 ss
176 928 315 997 trepidare,
327 928 405 980 simul
417 928 510 979 domus
521 928 578 980 alta
590 879 709 981 Molossis

139 1000 161 1052 it
171 1000 287 1053 canibus.
322 1000 390 1052 Tum
402 1002 524 1061 rusticus,
547 1000 643 1051 ‘Haud
655 1001 720 1052 mihi
729 1000 786 1055 vita

139 1068 223 1133 shsc,’
236 1070 282 1135 ait,
295 1069 336 1121 ‘ct
348 1069 435 1120 valeas
447 1088 453 1131 ;
471 1086 513 1119 mc
525 1069 591 1120 silvo
603 1086 733 1148 casusque

139 1136 153 1189 b
163 1137 267 1190 insidiis
279 1138 353 1190 tenui
365 1138 492 1189 solabitur
503 1132 579 1190 ervo!
589 1131 605 1156 ”

311 1292 440 1345 sirini
458 1253 521 1344 vir.

139 1421 208 1459 inuis
220 1405 340 1458 ausculto
352 1411 379 1457 ct
391 1404 497 1473 cupiens
510 1402 559 1455 tibi
571 1403 656 1455 dicere
669 1419 757 1454 servus

139 1474 286 1527 sformido.'’
308 1476 450 1526 “Davusne
460 1473 483 1525 Ρ
504 1476 518 1501 “
528 1474 579 1538 ita,
589 1474 684 1532 Davus,
697 1470 813 1522 amicum

139 1547 188 1596 Lum
200 1544 305 1596 domino
318 1551 345 1595 et
357 1543 427 1611 frugi
440 1543 510 1611 quod
522 1544 557 1593 sit
569 1544 639 1600 satis,
652 1541 701 1592 hoc
714 1548 760 1605 est,

139 1630 156 1665 s
168 1612 269 1681 putss.’'
304 1614 319 1641 “
328 1616 390 1679 Ago,
404 1613 525 1664 libertate
537 1610 680 1675 Decembri,

150 1682 189 1734 ita
201 1684 311 1750 majores
323 1682 469 1745 voluerunt,
481 1688 574 1743 utere3
591 1679 693 1731 narra'’

139 1750 261 1804 rominum
273 1751 345 1803 vitiis
357 1750 454 1818 gaudet
464 1756 613 1802 constanter
625 1755 653 1800 ct
664 1748 742 1815 urget

139 1831 206 1884 tum;
224 1838 284 1889 pars
295 1820 380 1873 multa
392 1826 474 1886 natat,
486 1821 562 1872 modo
574 1827 647 1872 recto
658 1835 801 1888 capessens,

139 1907 164 1941 m
176 1890 263 1958 pravis
276 1888 394 1941 obnoxia.
429 1888 503 1957 Saepc
515 1897 623 1941 notatus

139 1957 188 2011 bus
199 1958 318 2023 sornellis,
329 1958 405 2010 modo
417 1957 482 2009 laeva
494 1958 598 2009 Priscus
610 1956 691 2023 inani,

139 2028 259 2096 iaequslis,
271 2026 375 2078 clavum
386 2032 419 2078 ut
430 2033 546 2078 mutaret
557 2026 586 2077 in
597 2026 673 2077 horas
680 2044 689 2091 ;
778 2027 812 2077 10

148 2113 181 2150 cx
193 2097 296 2163 magnis
308 2096 394 2147 subito
406 2113 433 2147 sc
445 2095 574 2160 conderet,
586 2095 657 2147 unde

140 2166 248 2218 reniret
259 2166 305 2217 vix
317 2164 454 2216 libertinus
467 2164 590 2227 honestc;

139 2234 219 2286 schus
233 2235 328 2299 Romoe,
336 2236 394 2301 jam
406 2233 497 2285 mallet
509 2233 600 2284 doctus
612 2231 723 2284 Athenis

143 2302 302 2367 Vertumnis,
314 2310 441 2370 quotquot
453 2307 522 2367 sunt,
534 2308 613 2353 natus
624 2301 730 2369 iniquis.

139 2372 295 2438 Volancrins,
307 2378 445 2439 postquam
457 2371 496 2422 illi
505 2372 580 2437 justa
591 2370 717 2439 cheragra

140 2448 154 2494 t
165 2440 296 2506 articulos,
307 2440 354 2507 qui
366 2457 412 2507 pro
423 2457 450 2492 so
462 2439 566 2491 tolleret
577 2446 656 2507 atquc

140 2510 188 2562 tin
200 2509 320 2578 phimum
332 2508 405 2575 talos,
417 2508 535 2560 mercsdc
547 2508 643 2560 diurna

140 2586 193 2631 tum
205 2579 294 2647 pavit3
312 2583 410 2644 quanto
422 2578 582 2629 constantior
593 2576 678 2630 isdem

140 2666 154 2713 ι,
167 2655 242 2700 tauto
254 2646 336 2698 levius
348 2647 425 2698 misor
436 2663 467 2697 ac
479 2647 550 2713 prior
561 2646 629 2707 illos,

151 2725 282 2781 contento,
289 2717 351 2783 jam
363 2714 427 2770 laxo
438 2716 505 2771 fune
516 2708 640 2771 inhorati?
781 2714 822 2765 Ὣ

389 2806 455 2849 ¹'ills
