2159 3309
263 247 476 301 SATIRARUM
497 247 517 299 1.
536 250 560 300 3.
750 256 801 309 135

143 369 173 405 us
184 352 349 420 modulisque
362 352 414 403 suis
426 352 494 404 ratio
506 353 599 417 utitur,
612 369 642 404 ac
655 370 696 403 res

142 439 172 474 ue
185 428 232 488 est,
244 422 283 474 ita
295 421 429 489 suppliciis
442 422 538 473 delicta
551 422 670 473 cotrcett

142 509 183 543 sm
195 508 305 556 servum,
318 491 436 559 patinam
448 492 493 558 qui
505 491 596 541 tollere
605 493 694 558 jussus
764 493 798 542 80

142 560 223 629 pisces
233 560 404 629 tepidumque
416 560 546 626 ligurierit
554 561 607 627 jus,

146 629 261 698 suffigat,
272 628 392 682 Labeone
404 629 520 680 insanior
531 628 602 680 inter

142 705 217 752 atur.
252 698 357 763 Quanto
368 698 417 750 hoc
429 698 553 749 furiosius
565 705 644 765 atque

143 775 248 821 etatum
260 770 314 822 est!
365 766 488 818 Paullum
501 766 613 835 deliquit
625 765 725 818 amicus
732 783 740 830 3

143 836 297 903 ieoneedas,
308 835 421 889 habeare
433 836 562 888 insuavis:
580 835 689 887 acerbus

149 905 229 975 fugis,
240 910 274 958 ut
285 904 417 958 Rusonem
429 904 531 956 debitor
543 905 609 971 aeris,

143 974 436 1098 assutus
445 972 765 1108 sessuram

143 1112 374 1250 ἑὲἳὲἒῖηῗΐοῗὲἓ
384 1112 508 1232 ἴξέἓξῖἓ
517 1112 645 1232 ἓὲιῗιῗὲἑξ·
769 1182 805 1233 90

143 1251 264 1306 manibus
276 1251 369 1303 tritum
381 1249 490 1317 dejecit:
508 1248 541 1301 ob
550 1249 619 1300 hane
630 1264 694 1315 rem,

143 1337 195 1374 rum
204 1325 267 1373 ante
278 1336 337 1371 mea
348 1319 412 1387 quia
423 1318 527 1387 pullum
539 1317 569 1369 in
580 1324 656 1387 parte
669 1316 751 1369 catini

143 1390 261 1455 esuriens,
273 1388 361 1440 minus
373 1388 422 1440 hoe
431 1387 567 1455 jucundus
578 1387 678 1438 amicus

143 1458 149 1512 Ι
185 1457 260 1523 Quod
272 1457 375 1525 saciant
387 1457 410 1509 si
421 1458 524 1509 furtum
534 1456 634 1521 fecerit,
646 1460 694 1507 aut
707 1454 729 1507 si

143 1527 162 1580 it
173 1527 311 1580 commissa
321 1526 373 1578 fide
385 1543 542 1594 sponsumve
554 1524 675 1593 negarit?

143 1597 167 1650 ia
179 1613 234 1650 esse
245 1597 299 1648 fere
310 1594 413 1664 placuit
424 1603 539 1664 peecata,
553 1594 682 1661 laborant,

143 1665 411 1728 utumadrsrumest3
420 1682 510 1717 sensus
515 1681 649 1732 moresque
655 1668 806 1732 repugnant

143 1752 171 1788 sa
182 1734 293 1800 utilitas,
302 1734 369 1802 justi
380 1750 461 1814 prope
472 1739 558 1785 mater
569 1739 596 1785 et
608 1733 685 1801 aequ'a

143 1808 299 1872 urepserunt
310 1802 401 1871 primrs
413 1802 539 1855 animalia
550 1802 635 1867 terris,
770 1803 806 1853 99

143 1877 164 1926 rt
175 1878 254 1941 turpe
265 1888 352 1941 pecus,
364 1872 487 1938 glandem
498 1878 579 1939 atque
591 1870 689 1923 cubilia
700 1876 807 1939 propter

143 1958 154 1994 s
165 1948 194 1994 et
205 1941 310 2010 pugnis,
322 1940 384 1993 dein
395 1940 518 2007 fustibus,
531 1946 612 2008 atque
623 1940 662 1991 ita
674 1957 750 2007 porro

143 2016 174 2063 nt
185 2012 264 2063 armis
284 2026 343 2077 qua
355 2015 414 2078 post
425 2009 601 2062 fabricaverat
612 2026 684 2075 usus,

143 2078 202 2144 uba,
215 2051 311 2147 quitus
323 2095 397 2132 voees
409 2095 551 2146 sensusque
563 2084 695 2145 notarent,

143 2165 179 2215 ue
191 2147 314 2200 invenere
320 2165 328 2212 3
346 2147 441 2200 dehine
453 2146 578 2199 absistere
590 2146 666 2213 bello,

144 2225 266 2285 oeperunt
276 2217 379 2269 munire
391 2223 418 2270 et
430 2233 526 2285 ponere
538 2216 616 2283 leges,

143 2286 180 2339 1'ur
192 2293 266 2351 esset,
278 2303 331 2338 neu
342 2286 418 2353 latro,
429 2302 482 2337 neu
493 2286 553 2353 quis
565 2284 677 2337 adulter.

143 2362 222 2408 rante
235 2354 365 2407 Helenam
377 2371 479 2407 cunnus
491 2354 627 2407 teterrima
638 2354 701 2407 belli

145 2424 163 2476 d
174 2424 272 2492 ignotis
284 2424 419 2493 perierunt
431 2424 559 2475 mortibus
571 2424 619 2490 illi,

144 2510 225 2545 rerem
236 2493 365 2545 incertam
375 2493 508 2561 rapientes
519 2510 590 2544 more
602 2494 718 2545 ferarum

144 2562 227 2614 tditior
238 2561 362 2627 cederat,
375 2563 445 2614 utin
457 2579 536 2629 grege
548 2568 649 2615 taurus.
757 2564 806 2613 110

144 2637 204 2683 enta
215 2637 289 2683 metu
301 2631 395 2699 injusti
407 2632 506 2683 fateare
517 2648 623 2683 neeesse
635 2637 683 2698 est,

148 2700 172 2750 εἰ
183 2700 317 2769 fastosque
329 2699 395 2754 velis
406 2700 524 2754 evolvere
534 2700 638 2753 mund'a

144 2783 166 2819 u
176 2775 268 2834 potest
274 2772 354 2841 justo
366 2790 507 2829 seeeruere
516 2773 657 2842 ruruuum,
