2159 3309
479 281 638 336 IlORA'sH

456 484 586 538 sinen
604 482 651 536 IV.

165 593 180 619 ‘⁴
189 590 265 643 Unde
277 595 304 641 et
316 604 368 655 quo
380 586 470 639 Catius
479 585 506 638 l”
524 586 608 638 “Non
619 591 660 638 eet
671 585 738 639 mihi
750 582 933 656 tmperaret

166 656 265 707 Ponere
277 656 353 721 rigna
364 655 438 706 novis
449 657 594 723 praeceptio,
606 654 697 722 qualia
708 654 818 708 vineant

166 723 336 790 Pythagoran
347 724 482 791 Anytique
492 742 568 776 reum
579 724 737 791 doctumque
749 717 881 775 Platona”

168 790 183 815 “
192 787 333 841 Peoeatum
344 789 435 855 fateor,
447 809 531 859 quum
542 803 569 845 te
580 793 617 845 eie
628 801 744 862 tempore
754 792 822 844 laevo

168 858 378 928 Interpellarim3
396 861 441 913 sed
453 863 498 914 dee
509 864 614 915 reniam
625 862 709 915 bonus
720 879 771 914 oro

168 928 243 989 Quod
255 929 278 980 ei
289 928 451 982 interciderit
464 932 512 982 tibi
523 950 595 983 nune
607 930 715 998 aliquid,
727 937 828 999 repetet
839 943 900 992 moi,

167 995 227 1046 Sive
239 1002 279 1047 eet
291 1003 392 1047 naturae
404 997 455 1049 hoe
466 997 521 1049 nive
531 999 604 1064 anie,
615 998 698 1048 minis
709 997 846 1065 utroque.”

167 1063 264 1127 “Quin
276 1065 304 1116 id
315 1072 372 1117 erat
383 1083 460 1134 ourae,
473 1083 524 1133 quo
536 1075 614 1135 paeto
625 1072 722 1119 cuncta
734 1071 857 1133 tenerem,

166 1132 266 1200 Utpote
277 1151 319 1185 ree
330 1140 422 1187 tenues
433 1136 509 1188 tenui
520 1152 638 1188 sermone
649 1134 792 1203 peraetaa”

166 1201 241 1253 “Ede
250 1202 363 1255 hominis
371 1221 475 1270 nomen,
482 1204 561 1256 simul
570 1213 597 1256 et
610 1204 743 1256 Romanus
751 1220 787 1256 an
795 1199 904 1271 hosp&
911 1197 934 1249 1⁰

166 1270 250 1337 “Ipsa
260 1288 359 1324 memor
370 1280 500 1341 praeoepta
511 1289 612 1334 oanam,
625 1271 754 1325 oelabitur
764 1281 863 1325 auctor.

165 1338 256 1407 longa
267 1338 362 1407 quibus
373 1339 453 1390 facies
465 1339 520 1390 ovis
531 1338 589 1405 erit,
601 1338 649 1391 illa
660 1344 800 1406 memento,

166 1408 204 1461 Ut
215 1408 286 1461 eueoi
297 1407 411 1459 melioris
423 1413 450 1459 et
461 1413 493 1459 ut
503 1409 588 1474 megia
599 1407 660 1460 elba
671 1407 799 1472 10an

164 1476 280 1539 Ponere;
297 1492 411 1543 namque
421 1493 521 1527 merem
532 1476 655 1528 cohibent
667 1475 763 1528 eallosa
774 1474 896 1529 vitellum.

165 1546 246 1599 Gaulo
258 1545 413 1611 suburbano,
425 1545 471 1612 qui
484 1546 559 1596 sieeis
570 1545 653 1596 erevit
664 1544 693 1595 in
705 1545 783 1613 agria,

165 1614 289 1677 Dulcior;
306 1613 405 1681 irriguo
417 1613 485 1665 nihil
497 1619 536 1665 eet
548 1613 646 1665 elutius
657 1612 741 1667 horto.

166 1684 195 1736 si
206 1701 251 1737 ree
283 1683 370 1735 rtinue
381 1681 468 1734 subito
480 1690 507 1734 te
518 1683 674 1751 oppresserit
686 1681 787 1751 hoapee,

166 1753 207 1806 Ne
219 1701 319 1820 galllna
329 1750 430 1802 malum
440 1757 575 1819 responset
585 1751 652 1803 dura
725 1758 760 1819 to,

166 1821 266 1875 Doctus
278 1821 329 1872 erin
340 1819 428 1872 vivam
439 1820 524 1872 mixto
535 1837 647 1872 mersare
681 1819 786 1884 alem03

167 1890 225 1943 Iioo
238 1897 354 1943 teneram
365 1889 452 1941 faciet.
487 1887 684 1941 Pratensibuao
703 1889 769 1942 tima
780 1888 868 1956 fungis
910 1879 937 1934 ἵ)

166 1959 270 2013 Natura
282 1964 321 2011 est
328 1976 335 2021 ;
353 1957 412 2009 aliis
424 1957 492 2011 male
504 1958 627 2010 ereditur.
662 1906 713 2010 Ille
724 1958 840 2010 salubres

168 2029 282 2080 AEstates
294 2033 409 2096 peraget,
421 2027 468 2095 qui
480 2027 561 2094 nigris
573 2026 684 2095 prandia
695 2027 774 2078 morie

167 2097 263 2161 Finiet,
276 2103 338 2149 ante
350 2113 456 2162 gravem
467 2112 526 2164 quae
538 2095 631 2162 legerit
643 2095 734 2147 arbore
746 2095 834 2149 solem.

167 2166 287 2218 Aufidius
299 2165 361 2217 forti
373 2164 498 2217 miscebat
510 2164 589 2216 mella
602 2164 720 2232 Falerno,

167 2233 308 2295 Mendoee;
325 2235 450 2302 quoniam
461 2234 550 2286 raonis
563 2233 725 2285 committere
737 2233 811 2286 venie

167 2303 214 2355 Nil
226 2304 276 2355 nini
289 2303 346 2355 lene
359 2304 433 2355 decet
440 2322 447 2366 3
465 2303 519 2355 loni
531 2302 673 2370 praecordia
685 2301 770 2354 mulso

168 2371 298 2423 Proluerie
310 2372 410 2425 melius.
445 2372 473 2425 si
485 2373 552 2424 dura
563 2371 708 2423 morabitur
719 2371 803 2438 aleria,

168 2439 281 2492 Mitulue
293 2447 319 2492 et
331 2441 395 2493 viles
408 2441 507 2509 pellent
518 2440 651 2493 obstantia
662 2439 767 2492 oonohae

168 2508 204 2562 Et
216 2509 317 2590 lapathi
330 2509 414 2562 brevio
426 2510 513 2574 herba,
526 2509 571 2561 red
583 2508 642 2560 albo
654 2526 705 2560 non
718 2509 775 2561 sine
786 2509 844 2562 coo.

168 2577 281 2631 Lubrica
292 2585 427 2631 nascentes
438 2578 551 2646 implent
563 2578 700 2644 conchylia
712 2577 797 2641 lunoe;
912 2567 940 2620 ³⁰

169 2647 220 2700 see
232 2665 285 2699 non
297 2665 372 2699 omne
384 2665 455 2699 mare
467 2653 506 2699 eet
517 2663 648 2714 generosae
660 2646 748 2699 fertile
760 2653 841 2701 teetoe.

167 2716 271 2769 Murice
283 2716 383 2770 Baiano
394 2717 486 2769 melior
497 2715 610 2768 Lucrina
622 2715 725 2784 peloris,

158 2785 253 2842 Ostrea
266 2788 381 2860 Circeiis,
395 2788 503 2844 Miseno
515 2786 640 2843 oriuntur
653 2782 753 2846 eeffii
