2159 3309
162 2921 199 2954 h

220 269 272 326 184
534 264 688 323 HORA'l'll

219 371 292 424 Colla
297 373 364 440 jugo
376 391 383 436 ;
400 372 501 440 ‘Iiibea
512 373 580 426 liber
591 375 666 442 sum,'
678 376 721 428 dic
733 392 790 444 age.
829 375 886 428 Non
896 373 954 444 quis3

218 442 302 512 Urget
313 445 383 496 enim
395 443 515 496 dominus
526 451 641 496 mentem
653 461 705 495 non
718 444 785 496 lenis
796 453 825 496 et
836 461 902 496 acres

218 510 354 580 Subjectat
366 513 432 565 lasso
444 513 563 566 stimulos
574 519 712 580 versatpue
723 521 872 580 negantem.

218 578 267 633 Vel
280 599 362 650 quum
374 582 501 634 Pausiaca
512 588 607 651 torpes,
618 582 716 645 insane,
729 578 836 647 tabula

217 649 269 713 Qui
281 668 372 771 peccas
383 651 471 702 minus
483 661 561 719 atque
573 667 628 718 ego,
641 667 723 716 quum
737 649 816 701 Fulvi
831 648 967 717 Rutubeqoe

217 719 275 771 Aut
309 719 438 771 acidsiani
448 724 573 773 contento
584 719 683 787 poplite
694 719 776 770 miror

217 785 313 840 Proelia
325 787 429 840 rubrica
440 788 513 856 picta
523 794 572 840 aut
584 788 700 850 carbone,
713 786 789 839 velut
801 787 824 838 si

216 855 256 908 Re
267 874 329 908 vera
340 864 467 924 pugnent,
479 856 577 908 feriant
589 856 726 922 vitentque
737 861 872 908 moventes

216 924 297 977 Arma
308 924 375 977 viril
410 924 530 992 Nequam
542 933 569 977 et
581 930 692 976 cessator
703 924 808 987 Davus;
827 931 857 978 at
868 925 918 994 ipse
944 923 977 974 lut
1004 963 1006 1006 l

216 992 325 1046 Subtilis
337 1001 456 1046 veterum
469 994 548 1045 'udex
560 1001 587 1046 et
599 992 710 1045 callidus
721 993 804 1046 audie

215 1060 262 1114 Nil
274 1078 329 1130 ego,
341 1062 364 1116 si
375 1063 456 1115 ducor
464 1012 520 1114 libo
531 1063 665 1114 fumante:
683 1062 734 1113 tihi
744 1062 839 1129 ingens

216 1129 308 1183 Virtus
319 1137 399 1200 atque
410 1131 514 1184 animus
525 1131 606 1183 coenis
616 1135 751 1198 responsat
763 1130 876 1199 opimisl

215 1198 376 1268 Obsequium
387 1200 486 1253 ventris
497 1199 564 1251 mihi
576 1199 744 1282 perniciosius
757 1207 797 1251 est
809 1199 874 1252 curl

214 1267 297 1336 Nergo
309 1269 408 1338 plector
420 1269 497 1322 enim
533 1268 587 1332 Qu1
599 1275 631 1320 tu
643 1268 798 1335 impunitior
809 1267 864 1335 illa,

215 1336 280 1400 Qua
291 1354 372 1407 parvo
384 1339 452 1391 sumi
464 1343 605 1404 nequeunt,
617 1336 723 1389 obsonia
734 1337 844 1405 captasl

213 1404 315 1487 Nempe
325 1407 520 1460 inamarescunt
531 1406 616 1474 epulae
629 1405 684 1457 sine
696 1405 749 1458 fine
760 1406 859 1474 petita,

214 1474 342 1544 Illusique
353 1477 432 1544 pedes
443 1476 568 1528 vitiosum
579 1475 647 1527 ferre
658 1482 781 1527 recusant
917 1483 920 1488 '

213 1543 318 1613 Corpus.
353 1548 396 1597 An
407 1545 451 1597 hic
463 1552 563 1612 peccat,
576 1544 623 1596 sub
635 1550 738 1595 noctem
751 1543 797 1612 qui
808 1560 875 1612 puer
886 1559 959 1598 uvam

213 1611 324 1667 Furtiva
334 1619 423 1666 mutat
434 1612 548 1680 strigili?
584 1612 635 1676 Qui
665 1613 745 1665 rudia
756 1612 856 1678 vendit,
947 1611 984 1665 IN

212 1681 259 1734 Nil
271 1679 363 1734 servile
375 1682 444 1749 gulae
456 1699 550 1749 parens
561 1629 664 1734 habeti
693 1681 775 1748 Adde,
788 1682 858 1749 quod
869 1681 940 1736 idem

212 1750 272 1804 Non
283 1751 375 1803 horam
386 1757 474 1802 tecum
486 1768 540 1802 esse
552 1759 632 1819 potos,
644 1767 697 1802 non
709 1750 764 1803 otia
774 1755 846 1802 recte
884 1783 888 1794 ·

212 1818 318 1886 Ponere,
330 1825 408 1887 teque
420 1820 507 1888 ipsum
519 1820 595 1884 vitae,
607 1819 737 1886 fugitivus
749 1825 776 1871 et
788 1835 853 1886 erro,

211 1888 231 1940 J
232 1906 276 1941 am
287 1889 349 1941 vino
361 1905 485 1956 quarens,
493 1888 552 1955 jem
563 1905 652 1940 somno
664 1887 755 1940 fallere
766 1904 872 1941 curam:

211 1957 340 2020 Frustra3
358 1973 513 2008 namcomes
520 1964 580 2010 atra
587 1958 683 2025 premit
692 1960 862 2029 sequiturque
871 1955 998 2031 fugem-¹

209 2029 226 2055 “
235 2026 312 2102 Unde
324 2025 553 2116 mihi51apideml'’
572 2027 721 2091 “Quorsum
735 2036 775 2081 eet
787 2046 852 2099 opus
862 2030 890 2084 l''
908 2029 990 2084 “Una

215 2094 399 2242 “iisdtgitrisadnit
410 2163 488 2215 homo
500 2168 549 2215 aut
561 2180 651 2216 versus
663 2164 754 2217 facit.'’
789 2167 894 2222 “Ocius
906 2169 989 2222 hiuctt

217 2230 254 2283 Ni
265 2245 347 2301 rapis,
358 2233 464 2285 accedes
476 2249 554 2302 opera
566 2250 629 2300 agro
641 2250 710 2286 nona
722 2234 844 2289 Sabin0.”

486 2414 618 2469 SATIRA
635 2418 715 2472 VIII.

208 2521 224 2548 “
233 2520 275 2574 Ur
288 2521 424 2575 Nasidieni
434 2526 507 2591 juvit
519 2530 546 2579 te
557 2547 631 2582 coena
643 2529 733 2582 bcatil

208 2588 235 2642 N
237 2607 280 2642 am
293 2591 359 2643 mihi
372 2595 499 2661 quaerenti
512 2597 649 2649 convivam
662 2599 748 2650 dictus
760 2599 822 2653 hero
836 2601 890 2655 illic

208 2657 250 2711 De
262 2660 349 2712 medio
361 2670 451 2729 potare
464 2663 531 2715 die.'’
567 2667 583 2692 “
592 2667 642 2731 Sic,
655 2674 686 2718 ut
699 2668 764 2720 mihi
777 2687 912 2739 nunquam

208 2727 245 2780 In
258 2729 315 2782 vita
326 2730 408 2783 fucrit
419 2732 538 2784 melius.”
574 2735 589 2761 “
600 2735 649 2801 Da,
659 2736 684 2786 si
695 2754 776 2802 graue
784 2755 843 2788 non
851 2751 903 2804 eut,

200 2797 267 2864 Qua
274 2800 368 2872 puina
379 2801 483 2859 iratum
496 2810 625 2860 ventrem
634 2804 789 2875 placarent
798 2803 879 2853 erice.n
