2159 3309
251 249 463 307 summurn
482 249 504 302 1.
527 255 590 313 1,2.
761 247 812 300 129

142 360 271 430 benignus
283 367 347 416 eret
382 364 479 416 Contra
490 363 541 430 hic,
554 381 588 416 ne
600 364 725 432 prodigus
737 383 792 418 esse

148 440 275 500 metuens,
286 432 359 501 inopi
372 433 433 485 dare
445 433 512 485 nolit
524 435 615 500 amico,

139 518 188 568 quc
200 501 344 570 durumque
356 502 453 553 famem
466 503 609 570 propellere
622 503 711 570 possit.

138 570 144 621 i
155 571 319 638 percunte-is,
330 571 375 622 evi
387 589 434 622 cur
446 581 527 637 atquc
539 574 656 639 percutis

138 655 183 690 nm
194 638 301 708 ingrete
312 640 427 707 stringet
438 640 524 691 mulus
536 641 655 707 ingluvie
668 658 732 708 rem,

138 707 269 760 conductis
280 710 401 760 coemens
414 708 520 761 obsonia
532 710 661 762 nummis:

139 783 243 898 imi?
253 794 337 898 dium
366 778 419 858 uod
431 779 506 898 pmii
518 778 585 829 nolit
598 777 696 899 {ciffi
786 780 818 830 10

138 851 209 996 :gp
226 852 363 996 ‘afflui
374 847 650 982 tidid’tcdlcprietiiiildnis,
688 888 694 900 Ι

235 1000 281 1036 ves
292 984 384 1052 positis
396 985 425 1036 in
437 985 525 1037 fenore
537 986 665 1039 nummis:

139 999 276 1134 ffdeepiti
287 1053 420 1105 mercedes
431 1061 536 1105 exsecet
549 1060 636 1122 atque,

144 1120 270 1190 perditior
281 1121 389 1190 quisque
401 1129 449 1185 eet,
461 1129 536 1175 tauto
549 1123 635 1175 scrius
647 1128 740 1190 urget;

139 1223 142 1240 ·
151 1195 269 1243 sectetur
279 1190 357 1242 medo
369 1198 475 1260 sumpte
486 1199 559 1243 veste
570 1192 641 1243 virili

139 1258 212 1312 ribus
223 1259 298 1312 duris
309 1259 433 1312 tironum
468 1262 483 1288 “
492 1260 633 1325 Maxime,”
663 1260 704 1312 uis
716 1278 777 1326 non,

139 1327 189 1382 rrP’
205 1327 346 1394 exclamet,
358 1328 437 1380 simul
448 1335 528 1419 etque
539 1278 663 1381 audiviti
679 1330 735 1382 “At
748 1331 775 1381 iu
788 1347 815 1383 se

139 1403 195 1450 estu
206 1403 344 1475 sumptum
355 1398 421 1450 fecit
432 1398 500 1451 hie*
537 1398 590 1450 Vix
603 1397 705 1450 credere
717 1400 798 1465 possis

139 1463 175 1516 ibi
185 1481 239 1516 non
251 1470 287 1515 srt
297 1464 404 1530 emicus,
415 1465 455 1517 ite
466 1472 499 1517 ut
509 1472 585 1534 peter
597 1465 649 1531 ille,
662 1463 768 1516 Terenti
780 1464 815 1514 20

140 1549 219 1602 quen
229 1532 355 1586 miserum
365 1542 447 1601 gnato
458 1535 555 1587 vixisse
566 1536 660 1601 fugato

139 1619 208 1669 ‚non
220 1618 248 1654 se
258 1603 335 1671 pejus
346 1603 501 1656 cruciaverit
512 1611 592 1671 etque
603 1603 655 1656 hic.

139 1688 212 1725 nunc
223 1677 332 1740 qureret,
345 1673 361 1700 “
369 1671 427 1735 Quo
438 1689 479 1725 res
490 1672 548 1725 hece
559 1672 673 1742 pertinet
682 1669 712 1723 t”
732 1668 813 1721 Illuc:

139 1745 199 1792 tent
209 1737 287 1792 stulti
298 1738 372 1804 vitis,
383 1739 413 1790 in
425 1742 555 1790 contrarie
567 1743 683 1788 currunt.

139 1824 177 1860 ιιιι
189 1807 287 1860 tunicis
298 1807 417 1860 demissis
428 1806 562 1869 ambulet3
580 1805 676 1872 estqui

143 1876 179 1930 td
190 1876 340 1930 cbscoenum
351 1876 487 1928 subductis
499 1893 582 1943 usque
593 1875 710 1937 facetum

140 1963 153 1998 s
165 1945 277 1998 Rufillus
288 1945 349 2010 olet,
360 1945 506 2012 Gargonius
518 1944 628 1996 hircum.

139 2015 204 2068 lium
214 2021 262 2068 cst
296 2014 365 2068 Sunt
377 2015 422 2082 qui
435 2013 520 2065 nolint
532 2013 650 2079 tetigisse
662 2009 713 2060 nisi
726 2008 792 2074 illes,

139 2101 149 2136 ι
160 2083 269 2138 subsuta
279 2083 347 2136 telos
359 2088 433 2150 tegat
444 2082 538 2133 instita
550 2089 635 2133 veste:

139 2153 206 2207 nlius
216 2153 319 2206 nullum
330 2152 381 2204 nisi
393 2151 473 2204 olenti
486 2151 515 2202 in
526 2150 625 2201 fornice
637 2153 758 2199 stantem.
785 2150 818 2198 30

139 2241 147 2274 ι
156 2227 238 2275 nctus
248 2221 326 2274 homo
337 2238 420 2289 quum
432 2219 516 2272 exiret
527 2218 634 2284 fornice,
646 2220 661 2247 “
668 2217 757 2273 Meete

149 2290 230 2358 estc,”
240 2290 329 2358 inquit
340 2289 471 2342 sententie
483 2288 528 2339 dia
540 2287 662 2342 Catenis:

139 2359 191 2412 nul
201 2375 234 2412 ec
244 2375 324 2412 venus
334 2356 439 2410 inflavit
451 2360 521 2407 tetra
532 2354 620 2422 libide,

140 2446 213 2482 renes
224 2444 330 2496 oequum
341 2433 381 2479 est
392 2424 555 2486 descendere,
566 2440 620 2476 non
632 2424 732 2478 alienes

140 2515 181 2551 ere
192 2513 293 2550 uxores
328 2495 440 2549 “Nolim
452 2496 606 2563 laudarier,”
618 2498 714 2568 inquit,

140 2567 177 2634 e,”
188 2567 298 2619 mirator
309 2566 391 2618 cunni
403 2565 565 2634 Cupiennius
575 2566 637 2620 eibi.

141 2639 182 2685 est
193 2650 277 2702 operte
289 2634 411 2702 pretium,
423 2636 561 2702 precedere
572 2643 643 2688 recte

140 2701 208 2754 enos
217 2719 270 2754 nou
284 2703 374 2772 vultis,
386 2709 418 2758 ut
430 2704 503 2758 omni
513 2712 592 2778 purte
600 2705 740 2770 tenerent„

140 2769 176 2820 iis
185 2771 277 2826 mutto
288 2785 422 2849 corrupta
434 2777 528 2834 dolore
538 2777 683 2850 seiuncta,

424 2867 448 2907 K
