<?xml version="1.0" encoding="UTF-8"?>
<!DOCTYPE html PUBLIC "-//W3C//DTD XHTML 1.0 Transitional//EN"
    "http://www.w3.org/TR/xhtml1/DTD/xhtml1-transitional.dtd">
<html xmlns="http://www.w3.org/1999/xhtml" xml:lang="en" lang="en">
 <head>
  <title>
</title>
<meta http-equiv="Content-Type" content="text/html;charset=utf-8" />
  <meta name='ocr-system' content='tesseract 3.04.00' />
  <meta name='ocr-capabilities' content='ocr_page ocr_carea ocr_par ocr_line ocrx_word'/>
</head>
<body>
  <div class='ocr_page' id='page_1' title='image "./qhoratiiflaccio01flacgoog_0171.png"; bbox 0 0 2159 3309; ppageno 0'>
   <div class='ocr_carea' id='block_1_1' title="bbox 191 250 749 319">
    <p class='ocr_par' dir='ltr' id='par_1_1' title="bbox 191 250 749 319">
     <span class='ocr_line' id='line_1_1' title="bbox 191 250 749 319; baseline 0.009 -14"><span class='ocrx_word' id='word_1_1' title='bbox 191 250 531 319; x_wconf 62' lang='lat' dir='ltr'>semicirculus.</span> <span class='ocrx_word' id='word_1_2' title='bbox 698 259 749 313; x_wconf 82' lang='lat'>149</span> 
     </span>
    </p>
   </div>
   <div class='ocr_carea' id='block_1_2' title="bbox 113 361 754 717">
    <p class='ocr_par' dir='ltr' id='par_1_2' title="bbox 113 361 754 498">
     <span class='ocr_line' id='line_1_2' title="bbox 113 361 754 431; baseline -0.002 -18"><span class='ocrx_word' id='word_1_3' title='bbox 113 378 136 413; x_wconf 71' lang='grc' dir='ltr'>ω</span> <span class='ocrx_word' id='word_1_4' title='bbox 148 361 219 431; x_wconf 89' lang='lat' dir='ltr'>plebi</span> <span class='ocrx_word' id='word_1_5' title='bbox 232 361 319 414; x_wconf 78' lang='lat' dir='ltr'>stabat</span> <span class='ocrx_word' id='word_1_6' title='bbox 331 378 467 413; x_wconf 90' lang='lat' dir='ltr'>commune</span> <span class='ocrx_word' id='word_1_7' title='bbox 479 361 654 431; x_wconf 82' lang='lat' dir='ltr'><strong>sepulchrum,</strong></span> <span class='ocrx_word' id='word_1_8' title='bbox 721 364 754 412; x_wconf 92' lang='grc'>10</span> 
     </span>
     <span class='ocr_line' id='line_1_3' title="bbox 124 431 557 498; baseline 0 -17"><span class='ocrx_word' id='word_1_9' title='bbox 124 448 219 481; x_wconf 87' lang='lat' dir='ltr'>scurrae</span> <span class='ocrx_word' id='word_1_10' title='bbox 232 431 448 498; x_wconf 80' lang='lat' dir='ltr'>Nomentanoque</span> <span class='ocrx_word' id='word_1_11' title='bbox 460 431 557 498; x_wconf 83' lang='lat' dir='ltr'><strong>nepoti.</strong></span> 
     </span>
    </p>

    <p class='ocr_par' dir='ltr' id='par_1_3' title="bbox 113 500 670 567">
     <span class='ocr_line' id='line_1_4' title="bbox 113 500 670 567; baseline -0.002 -17"><span class='ocrx_word' id='word_1_12' title='bbox 113 517 130 550; x_wconf 65' lang='lat' dir='ltr'>ee</span> <span class='ocrx_word' id='word_1_13' title='bbox 143 500 277 565; x_wconf 74' lang='lat' dir='ltr'>infreme,</span> <span class='ocrx_word' id='word_1_14' title='bbox 290 506 418 551; x_wconf 90' lang='lat' dir='ltr'>trecentos</span> <span class='ocrx_word' id='word_1_15' title='bbox 430 500 522 567; x_wconf 86' lang='lat' dir='ltr'>cippus</span> <span class='ocrx_word' id='word_1_16' title='bbox 535 501 564 550; x_wconf 90' lang='lat' dir='ltr'>in</span> <span class='ocrx_word' id='word_1_17' title='bbox 576 516 670 566; x_wconf 83' lang='lat' dir='ltr'>agrum</span> 
     </span>
    </p>

    <p class='ocr_par' dir='ltr' id='par_1_4' title="bbox 118 567 686 636">
     <span class='ocr_line' id='line_1_5' title="bbox 118 567 686 636; baseline 0.002 -16"><span class='ocrx_word' id='word_1_18' title='bbox 118 586 124 620; x_wconf 96' lang='lat'><strong>:</strong></span> <span class='ocrx_word' id='word_1_19' title='bbox 138 567 259 619; x_wconf 86' lang='lat' dir='ltr'>&#39;Heredes</span> <span class='ocrx_word' id='word_1_20' title='bbox 271 575 469 619; x_wconf 86' lang='lat' dir='ltr'><strong>monumentum</strong></span> <span class='ocrx_word' id='word_1_21' title='bbox 482 586 515 620; x_wconf 90' lang='lat' dir='ltr'>ne</span> <span class='ocrx_word' id='word_1_22' title='bbox 528 574 686 636; x_wconf 77' lang='lat' dir='ltr'>sequeretur.</span> 
     </span>
    </p>

    <p class='ocr_par' dir='ltr' id='par_1_5' title="bbox 113 635 636 717">
     <span class='ocr_line' id='line_1_6' title="bbox 113 635 636 717; baseline 0.004 -30"><span class='ocrx_word' id='word_1_23' title='bbox 113 654 117 687; x_wconf 69' lang='grc' dir='ltr'>ε</span> <span class='ocrx_word' id='word_1_24' title='bbox 129 635 254 717; x_wconf 73' lang='lat' dir='ltr'>Esquiliis</span> <span class='ocrx_word' id='word_1_25' title='bbox 266 637 385 689; x_wconf 78' lang='lat' dir='ltr'>habitare</span> <span class='ocrx_word' id='word_1_26' title='bbox 397 636 544 689; x_wconf 81' lang='lat' dir='ltr'>salubribus</span> <span class='ocrx_word' id='word_1_27' title='bbox 556 643 636 705; x_wconf 82' lang='lat' dir='ltr'>utque</span> 
     </span>
    </p>
   </div>
   <div class='ocr_carea' id='block_1_3' title="bbox 113 706 754 2769">
    <p class='ocr_par' dir='ltr' id='par_1_6' title="bbox 120 706 590 773">
     <span class='ocr_line' id='line_1_7' title="bbox 120 706 590 773; baseline 0 -16"><span class='ocrx_word' id='word_1_28' title='bbox 120 722 208 773; x_wconf 81' lang='lat' dir='ltr'>eprrco</span> <span class='ocrx_word' id='word_1_29' title='bbox 220 706 337 773; x_wconf 84' lang='lat' dir='ltr'>spatiari,</span> <span class='ocrx_word' id='word_1_30' title='bbox 350 724 401 773; x_wconf 90' lang='lat' dir='ltr'>quo</span> <span class='ocrx_word' id='word_1_31' title='bbox 413 706 489 758; x_wconf 89' lang='lat' dir='ltr'>modo</span> <span class='ocrx_word' id='word_1_32' title='bbox 502 707 590 758; x_wconf 79' lang='lat' dir='ltr'>tristes</span> 
     </span>
    </p>

    <p class='ocr_par' dir='ltr' id='par_1_7' title="bbox 113 774 587 843">
     <span class='ocr_line' id='line_1_8' title="bbox 113 774 587 843; baseline 0 -18"><span class='ocrx_word' id='word_1_33' title='bbox 113 791 189 826; x_wconf 84' lang='lat' dir='ltr'>rmem</span> <span class='ocrx_word' id='word_1_34' title='bbox 202 774 356 843; x_wconf 74' lang='lat' dir='ltr'>spectabunt</span> <span class='ocrx_word' id='word_1_35' title='bbox 368 775 467 826; x_wconf 86' lang='lat' dir='ltr'>ossibus</span> <span class='ocrx_word' id='word_1_36' title='bbox 479 792 587 843; x_wconf 77' lang='lat' dir='ltr'>ugrum3</span> 
     </span>
    </p>

    <p class='ocr_par' dir='ltr' id='par_1_8' title="bbox 113 842 669 911">
     <span class='ocr_line' id='line_1_9' title="bbox 113 842 669 911; baseline 0.002 -17"><span class='ocrx_word' id='word_1_37' title='bbox 113 842 132 894; x_wconf 83' lang='lat' dir='ltr'>ii</span> <span class='ocrx_word' id='word_1_38' title='bbox 143 859 197 894; x_wconf 87' lang='lat' dir='ltr'>non</span> <span class='ocrx_word' id='word_1_39' title='bbox 208 849 316 895; x_wconf 83' lang='lat' dir='ltr'>tentum</span> <span class='ocrx_word' id='word_1_40' title='bbox 327 843 448 911; x_wconf 83' lang='lat' dir='ltr'>furesque</span> <span class='ocrx_word' id='word_1_41' title='bbox 460 844 573 911; x_wconf 85' lang='lat' dir='ltr'>feraeque</span> <span class='ocrx_word' id='word_1_42' title='bbox 585 844 669 895; x_wconf 71' lang='lat' dir='ltr'>suetae</span> 
     </span>
    </p>

    <p class='ocr_par' dir='ltr' id='par_1_9' title="bbox 113 910 753 1185">
     <span class='ocr_line' id='line_1_10' title="bbox 113 910 601 980; baseline 0.004 -17"><span class='ocrx_word' id='word_1_43' title='bbox 113 928 153 963; x_wconf 78' lang='lat' dir='ltr'>ure</span> <span class='ocrx_word' id='word_1_44' title='bbox 164 910 252 963; x_wconf 87' lang='lat' dir='ltr'>lecum</span> <span class='ocrx_word' id='word_1_45' title='bbox 265 929 334 964; x_wconf 84' lang='lat' dir='ltr'>curce</span> <span class='ocrx_word' id='word_1_46' title='bbox 347 918 409 963; x_wconf 88' lang='lat' dir='ltr'>eunt</span> <span class='ocrx_word' id='word_1_47' title='bbox 420 918 500 980; x_wconf 81' lang='lat' dir='ltr'>etque</span> <span class='ocrx_word' id='word_1_48' title='bbox 511 912 601 979; x_wconf 74' lang='lat' dir='ltr'>labori,</span> 
     </span>
     <span class='ocr_line' id='line_1_11' title="bbox 114 980 672 1048; baseline 0.002 -15"><span class='ocrx_word' id='word_1_49' title='bbox 114 980 274 1033; x_wconf 72' lang='lat' dir='ltr'>carminibus</span> <span class='ocrx_word' id='word_1_50' title='bbox 286 997 345 1048; x_wconf 83' lang='lat' dir='ltr'>quse</span> <span class='ocrx_word' id='word_1_51' title='bbox 358 987 463 1032; x_wconf 81' lang='lat' dir='ltr'>versent</span> <span class='ocrx_word' id='word_1_52' title='bbox 475 987 554 1048; x_wconf 82' lang='lat' dir='ltr'>etque</span> <span class='ocrx_word' id='word_1_53' title='bbox 566 980 672 1034; x_wconf 81' lang='lat' dir='ltr'>venenis</span> 
     </span>
     <span class='ocr_line' id='line_1_12' title="bbox 114 1049 753 1118; baseline 0.002 -17"><span class='ocrx_word' id='word_1_54' title='bbox 114 1049 229 1112; x_wconf 75' lang='lat' dir='ltr'>enim0s3</span> <span class='ocrx_word' id='word_1_55' title='bbox 247 1050 295 1101; x_wconf 81' lang='lat' dir='ltr'>hus</span> <span class='ocrx_word' id='word_1_56' title='bbox 307 1049 381 1100; x_wconf 88' lang='lat' dir='ltr'>nulle</span> <span class='ocrx_word' id='word_1_57' title='bbox 393 1049 499 1117; x_wconf 86' lang='lat' dir='ltr'>perdere</span> <span class='ocrx_word' id='word_1_58' title='bbox 510 1067 616 1118; x_wconf 88' lang='lat' dir='ltr'>possum</span> <span class='ocrx_word' id='word_1_59' title='bbox 719 1052 753 1102; x_wconf 76' lang='lat'>20</span> 
     </span>
     <span class='ocr_line' id='line_1_13' title="bbox 113 1117 687 1185; baseline 0.002 -15"><span class='ocrx_word' id='word_1_60' title='bbox 113 1118 167 1170; x_wconf 89' lang='lat' dir='ltr'>bere</span> <span class='ocrx_word' id='word_1_61' title='bbox 179 1118 263 1185; x_wconf 86' lang='lat' dir='ltr'>modo,</span> <span class='ocrx_word' id='word_1_62' title='bbox 276 1118 355 1170; x_wconf 91' lang='lat' dir='ltr'>simul</span> <span class='ocrx_word' id='word_1_63' title='bbox 367 1135 398 1170; x_wconf 82' lang='lat' dir='ltr'>ac</span> <span class='ocrx_word' id='word_1_64' title='bbox 410 1135 478 1185; x_wconf 83' lang='lat' dir='ltr'>ruga</span> <span class='ocrx_word' id='word_1_65' title='bbox 489 1117 554 1169; x_wconf 82' lang='lat' dir='ltr'>lune</span> <span class='ocrx_word' id='word_1_66' title='bbox 565 1118 687 1171; x_wconf 88' lang='lat' dir='ltr'>decorum</span> 
     </span>
    </p>

    <p class='ocr_par' dir='ltr' id='par_1_10' title="bbox 113 1187 674 1255">
     <span class='ocr_line' id='line_1_14' title="bbox 113 1187 674 1255; baseline 0.005 -17"><span class='ocrx_word' id='word_1_67' title='bbox 113 1203 127 1253; x_wconf 77' lang='lat' dir='ltr'>r,</span> <span class='ocrx_word' id='word_1_68' title='bbox 139 1187 204 1255; x_wconf 90' lang='lat' dir='ltr'>quin</span> <span class='ocrx_word' id='word_1_69' title='bbox 216 1205 274 1240; x_wconf 83' lang='lat' dir='ltr'>esee</span> <span class='ocrx_word' id='word_1_70' title='bbox 285 1189 375 1254; x_wconf 82' lang='lat' dir='ltr'>legent</span> <span class='ocrx_word' id='word_1_71' title='bbox 388 1187 532 1254; x_wconf 78' lang='lat' dir='ltr'>herbasque</span> <span class='ocrx_word' id='word_1_72' title='bbox 544 1193 674 1241; x_wconf 85' lang='lat' dir='ltr'>nocentes.</span> 
     </span>
    </p>

    <p class='ocr_par' dir='ltr' id='par_1_11' title="bbox 113 1255 593 1323">
     <span class='ocr_line' id='line_1_15' title="bbox 113 1255 593 1323; baseline 0.006 -17"><span class='ocrx_word' id='word_1_73' title='bbox 113 1260 142 1308; x_wconf 73' lang='lat' dir='ltr'>,et</span> <span class='ocrx_word' id='word_1_74' title='bbox 153 1256 231 1323; x_wconf 81' lang='lat' dir='ltr'>nigre</span> <span class='ocrx_word' id='word_1_75' title='bbox 243 1257 404 1308; x_wconf 81' lang='lat' dir='ltr'>succinctam</span> <span class='ocrx_word' id='word_1_76' title='bbox 415 1256 509 1307; x_wconf 80' lang='lat' dir='ltr'>vedere</span> <span class='ocrx_word' id='word_1_77' title='bbox 539 1255 593 1309; x_wconf 79' lang='lat' dir='ltr'>alle</span> 
     </span>
    </p>

    <p class='ocr_par' dir='ltr' id='par_1_12' title="bbox 113 1273 569 1393">
     <span class='ocr_line' id='line_1_16' title="bbox 113 1273 569 1393; baseline -0.002 -17"><span class='ocrx_word' id='word_1_78' title='bbox 113 1324 224 1393; x_wconf 83' lang='lat' dir='ltr'>pedibus</span> <span class='ocrx_word' id='word_1_79' title='bbox 236 1324 315 1376; x_wconf 81' lang='lat' dir='ltr'>nudis</span> <span class='ocrx_word' id='word_1_80' title='bbox 327 1342 453 1393; x_wconf 83' lang='lat' dir='ltr'>passoque</span> <span class='ocrx_word' id='word_1_81' title='bbox 466 1273 569 1392; x_wconf 78' lang='lat' dir='ltr'>capillo,</span> 
     </span>
    </p>

    <p class='ocr_par' dir='ltr' id='par_1_13' title="bbox 113 1393 666 1530">
     <span class='ocr_line' id='line_1_17' title="bbox 113 1393 666 1461; baseline 0.002 -16"><span class='ocrx_word' id='word_1_82' title='bbox 113 1410 146 1445; x_wconf 81' lang='lat' dir='ltr'>ne</span> <span class='ocrx_word' id='word_1_83' title='bbox 156 1395 254 1461; x_wconf 74' lang='lat' dir='ltr'>majore</span> <span class='ocrx_word' id='word_1_84' title='bbox 267 1394 428 1446; x_wconf 82' lang='lat' dir='ltr'>ululantem:</span> <span class='ocrx_word' id='word_1_85' title='bbox 447 1393 530 1461; x_wconf 83' lang='lat' dir='ltr'>pellor</span> <span class='ocrx_word' id='word_1_86' title='bbox 542 1400 666 1461; x_wconf 83' lang='lat' dir='ltr'>utresque</span> 
     </span>
     <span class='ocr_line' id='line_1_18' title="bbox 113 1461 638 1530; baseline 0 -17"><span class='ocrx_word' id='word_1_87' title='bbox 113 1462 227 1515; x_wconf 78' lang='lat' dir='ltr'>urendus</span> <span class='ocrx_word' id='word_1_88' title='bbox 239 1462 371 1530; x_wconf 80' lang='lat' dir='ltr'>adspectu.</span> <span class='ocrx_word' id='word_1_89' title='bbox 407 1461 466 1515; x_wconf 81' lang='lat' dir='ltr'>Scul</span> <span class='ocrx_word' id='word_1_90' title='bbox 500 1480 527 1514; x_wconf 92' lang='lat' dir='ltr'>re</span> <span class='ocrx_word' id='word_1_91' title='bbox 539 1468 638 1513; x_wconf 86' lang='lat' dir='ltr'>terram</span> 
     </span>
    </p>

    <p class='ocr_par' dir='ltr' id='par_1_14' title="bbox 117 1531 643 1600">
     <span class='ocr_line' id='line_1_19' title="bbox 117 1531 643 1600; baseline -0.002 -17"><span class='ocrx_word' id='word_1_92' title='bbox 117 1538 145 1583; x_wconf 91' lang='lat' dir='ltr'>et</span> <span class='ocrx_word' id='word_1_93' title='bbox 156 1532 257 1600; x_wconf 84' lang='lat' dir='ltr'>pullam</span> <span class='ocrx_word' id='word_1_94' title='bbox 268 1531 392 1583; x_wconf 85' lang='lat' dir='ltr'>divellere</span> <span class='ocrx_word' id='word_1_95' title='bbox 403 1548 459 1583; x_wconf 88' lang='lat' dir='ltr'>mor</span> <span class='ocrx_word' id='word_1_96' title='bbox 479 1532 533 1583; x_wconf 86' lang='lat' dir='ltr'>’cus</span> <span class='ocrx_word' id='word_1_97' title='bbox 545 1548 643 1598; x_wconf 79' lang='lat' dir='ltr'>agnem</span> 
     </span>
    </p>

    <p class='ocr_par' dir='ltr' id='par_1_15' title="bbox 113 1600 619 1665">
     <span class='ocr_line' id='line_1_20' title="bbox 113 1600 619 1665; baseline 0 -13"><span class='ocrx_word' id='word_1_98' title='bbox 113 1618 119 1663; x_wconf 84' lang='lat'><strong>;</strong></span> <span class='ocrx_word' id='word_1_99' title='bbox 136 1617 212 1652; x_wconf 87' lang='lat' dir='ltr'>cruor</span> <span class='ocrx_word' id='word_1_100' title='bbox 222 1601 252 1652; x_wconf 92' lang='lat' dir='ltr'>in</span> <span class='ocrx_word' id='word_1_101' title='bbox 263 1602 359 1652; x_wconf 82' lang='lat' dir='ltr'>fossam</span> <span class='ocrx_word' id='word_1_102' title='bbox 370 1601 500 1665; x_wconf 85' lang='lat' dir='ltr'>confusus,</span> <span class='ocrx_word' id='word_1_103' title='bbox 514 1606 546 1652; x_wconf 90' lang='lat' dir='ltr'>ut</span> <span class='ocrx_word' id='word_1_104' title='bbox 557 1600 619 1652; x_wconf 89' lang='lat' dir='ltr'>inde</span> 
     </span>
    </p>

    <p class='ocr_par' dir='ltr' id='par_1_16' title="bbox 113 1669 575 1737">
     <span class='ocr_line' id='line_1_21' title="bbox 113 1669 575 1737; baseline 0 -16"><span class='ocrx_word' id='word_1_105' title='bbox 113 1675 203 1736; x_wconf 75' lang='lat' dir='ltr'>rerem,</span> <span class='ocrx_word' id='word_1_106' title='bbox 214 1670 315 1722; x_wconf 83' lang='lat' dir='ltr'>enimes</span> <span class='ocrx_word' id='word_1_107' title='bbox 327 1686 449 1737; x_wconf 80' lang='lat' dir='ltr'>response</span> <span class='ocrx_word' id='word_1_108' title='bbox 460 1669 575 1722; x_wconf 78' lang='lat' dir='ltr'>daturas.</span> 
     </span>
    </p>

    <p class='ocr_par' dir='ltr' id='par_1_17' title="bbox 113 1737 754 1875">
     <span class='ocr_line' id='line_1_22' title="bbox 113 1737 754 1806; baseline 0.003 -18"><span class='ocrx_word' id='word_1_109' title='bbox 113 1737 200 1805; x_wconf 61' lang='lat' dir='ltr'>effigies</span> <span class='ocrx_word' id='word_1_110' title='bbox 212 1744 276 1804; x_wconf 82' lang='lat' dir='ltr'>erut,</span> <span class='ocrx_word' id='word_1_111' title='bbox 288 1738 371 1791; x_wconf 78' lang='lat' dir='ltr'>ultera</span> <span class='ocrx_word' id='word_1_112' title='bbox 383 1756 457 1790; x_wconf 81' lang='lat' dir='ltr'>ceree</span> <span class='ocrx_word' id='word_1_113' title='bbox 463 1757 471 1800; x_wconf 92' lang='lat'>;</span> <span class='ocrx_word' id='word_1_114' title='bbox 489 1740 573 1806; x_wconf 84' lang='lat' dir='ltr'>major</span> <span class='ocrx_word' id='word_1_115' title='bbox 714 1739 754 1790; x_wconf 78' lang='lat'>&#39;30</span> 
     </span>
     <span class='ocr_line' id='line_1_23' title="bbox 113 1806 579 1875; baseline 0.004 -17"><span class='ocrx_word' id='word_1_116' title='bbox 113 1823 128 1858; x_wconf 83' lang='lat' dir='ltr'>e</span> <span class='ocrx_word' id='word_1_117' title='bbox 140 1806 223 1874; x_wconf 89' lang='lat' dir='ltr'>peenis</span> <span class='ocrx_word' id='word_1_118' title='bbox 235 1814 409 1875; x_wconf 83' lang='lat' dir='ltr'>compesceret</span> <span class='ocrx_word' id='word_1_119' title='bbox 421 1807 579 1860; x_wconf 86' lang='lat' dir='ltr'>inferiorem.</span> 
     </span>
    </p>

    <p class='ocr_par' dir='ltr' id='par_1_18' title="bbox 113 1874 579 1940">
     <span class='ocr_line' id='line_1_24' title="bbox 113 1874 579 1940; baseline 0.004 -14"><span class='ocrx_word' id='word_1_120' title='bbox 113 1874 209 1927; x_wconf 81' lang='lat' dir='ltr'>&gt;liciter</span> <span class='ocrx_word' id='word_1_121' title='bbox 221 1876 315 1940; x_wconf 78' lang='lat' dir='ltr'>stabat,</span> <span class='ocrx_word' id='word_1_122' title='bbox 328 1876 464 1928; x_wconf 82' lang='lat' dir='ltr'>servilibus</span> <span class='ocrx_word' id='word_1_123' title='bbox 476 1883 508 1928; x_wconf 90' lang='lat' dir='ltr'>ut</span> <span class='ocrx_word' id='word_1_124' title='bbox 538 1893 579 1928; x_wconf 84' lang='lat' dir='ltr'>uae</span> 
     </span>
    </p>

    <p class='ocr_par' dir='ltr' id='par_1_19' title="bbox 113 1944 710 2081">
     <span class='ocr_line' id='line_1_25' title="bbox 113 1944 710 2011; baseline 0.005 -17"><span class='ocrx_word' id='word_1_125' title='bbox 113 1961 156 1995; x_wconf 84' lang='lat' dir='ltr'>urs</span> <span class='ocrx_word' id='word_1_126' title='bbox 167 1944 258 1997; x_wconf 87' lang='lat' dir='ltr'>medis.</span> <span class='ocrx_word' id='word_1_127' title='bbox 294 1944 413 1996; x_wconf 81' lang='lat' dir='ltr'>Hecaten</span> <span class='ocrx_word' id='word_1_128' title='bbox 425 1955 500 1997; x_wconf 82' lang='lat' dir='ltr'>vocet</span> <span class='ocrx_word' id='word_1_129' title='bbox 537 1951 602 2011; x_wconf 78' lang='lat' dir='ltr'>tere,</span> <span class='ocrx_word' id='word_1_130' title='bbox 614 1960 710 1997; x_wconf 81' lang='lat' dir='ltr'>eaerem</span> 
     </span>
     <span class='ocr_line' id='line_1_26' title="bbox 113 2012 611 2081; baseline 0.004 -18"><span class='ocrx_word' id='word_1_131' title='bbox 113 2012 232 2081; x_wconf 87' lang='lat' dir='ltr'>iphonen.</span> <span class='ocrx_word' id='word_1_132' title='bbox 268 2012 406 2081; x_wconf 78' lang='lat' dir='ltr'>Serpentes</span> <span class='ocrx_word' id='word_1_133' title='bbox 417 2021 498 2081; x_wconf 82' lang='lat' dir='ltr'>atque</span> <span class='ocrx_word' id='word_1_134' title='bbox 510 2012 611 2065; x_wconf 83' lang='lat' dir='ltr'>videres</span> 
     </span>
    </p>

    <p class='ocr_par' dir='ltr' id='par_1_20' title="bbox 113 2082 589 2150">
     <span class='ocr_line' id='line_1_27' title="bbox 113 2082 589 2150; baseline 0.002 -17"><span class='ocrx_word' id='word_1_135' title='bbox 113 2098 181 2133; x_wconf 85' lang='lat' dir='ltr'>rrere</span> <span class='ocrx_word' id='word_1_136' title='bbox 193 2098 277 2147; x_wconf 79' lang='lat' dir='ltr'>cenes,</span> <span class='ocrx_word' id='word_1_137' title='bbox 290 2083 432 2150; x_wconf 83' lang='lat' dir='ltr'>lunamque</span> <span class='ocrx_word' id='word_1_138' title='bbox 444 2082 589 2147; x_wconf 88' lang='lat' dir='ltr'>rubentem,</span> 
     </span>
    </p>

    <p class='ocr_par' dir='ltr' id='par_1_21' title="bbox 113 2150 660 2218">
     <span class='ocr_line' id='line_1_28' title="bbox 113 2150 660 2218; baseline 0.005 -17"><span class='ocrx_word' id='word_1_139' title='bbox 113 2150 136 2201; x_wconf 82' lang='lat' dir='ltr'>ie</span> <span class='ocrx_word' id='word_1_140' title='bbox 148 2150 230 2215; x_wconf 82' lang='lat' dir='ltr'>testis,</span> <span class='ocrx_word' id='word_1_141' title='bbox 242 2156 301 2218; x_wconf 90' lang='lat' dir='ltr'>post</span> <span class='ocrx_word' id='word_1_142' title='bbox 312 2168 409 2217; x_wconf 76' lang='lat' dir='ltr'>magne</span> <span class='ocrx_word' id='word_1_143' title='bbox 421 2152 503 2203; x_wconf 75' lang='lat' dir='ltr'>latere</span> <span class='ocrx_word' id='word_1_144' title='bbox 515 2150 660 2218; x_wconf 69' lang='lat' dir='ltr'>sepulchre</span> 
     </span>
    </p>

    <p class='ocr_par' dir='ltr' id='par_1_22' title="bbox 113 2219 649 2287">
     <span class='ocr_line' id='line_1_29' title="bbox 113 2219 649 2287; baseline 0 -16"><span class='ocrx_word' id='word_1_145' title='bbox 113 2237 118 2271; x_wconf 65' lang='grc' dir='ltr'><em>ι</em></span> <span class='ocrx_word' id='word_1_146' title='bbox 130 2219 152 2271; x_wconf 84' lang='lat' dir='ltr'>ei</span> <span class='ocrx_word' id='word_1_147' title='bbox 164 2219 236 2287; x_wconf 91' lang='lat' dir='ltr'>quid,</span> <span class='ocrx_word' id='word_1_148' title='bbox 248 2220 344 2271; x_wconf 84' lang='lat' dir='ltr'>merdis</span> <span class='ocrx_word' id='word_1_149' title='bbox 356 2225 437 2287; x_wconf 83' lang='lat' dir='ltr'>ceput</span> <span class='ocrx_word' id='word_1_150' title='bbox 450 2220 571 2287; x_wconf 88' lang='lat' dir='ltr'>inquiner</span> <span class='ocrx_word' id='word_1_151' title='bbox 582 2219 649 2271; x_wconf 78' lang='lat' dir='ltr'>albis</span> 
     </span>
    </p>

    <p class='ocr_par' dir='ltr' id='par_1_23' title="bbox 113 2288 754 2564">
     <span class='ocr_line' id='line_1_30' title="bbox 113 2288 747 2369; baseline 0.005 -30"><span class='ocrx_word' id='word_1_152' title='bbox 113 2293 202 2369; x_wconf 58' lang='lat' dir='ltr'>,²th</span> <span class='ocrx_word' id='word_1_153' title='bbox 214 2288 242 2339; x_wconf 89' lang='lat' dir='ltr'>in</span> <span class='ocrx_word' id='word_1_154' title='bbox 254 2305 296 2369; x_wconf 87' lang='lat' dir='ltr'>me</span> <span class='ocrx_word' id='word_1_155' title='bbox 309 2288 399 2369; x_wconf 64' lang='lat' dir='ltr'>reniet</span> <span class='ocrx_word' id='word_1_156' title='bbox 410 2288 521 2340; x_wconf 91' lang='lat' dir='ltr'>mictum</span> <span class='ocrx_word' id='word_1_157' title='bbox 532 2294 613 2357; x_wconf 82' lang='lat' dir='ltr'>atque</span> <span class='ocrx_word' id='word_1_158' title='bbox 624 2293 747 2342; x_wconf 70' lang='lat' dir='ltr'>cacatum</span> 
     </span>
     <span class='ocr_line' id='line_1_31' title="bbox 113 2356 754 2495; baseline 0.002 -19"><span class='ocrx_word' id='word_1_159' title='bbox 113 2356 710 2495; x_wconf 52' lang='lat' dir='ltr'>isigrriliirrliiiliiliapubupiiiioilotbilnisloquentee</span> <span class='ocrx_word' id='word_1_160' title='bbox 719 2428 754 2477; x_wconf 82' lang='lat'>40</span> 
     </span>
     <span class='ocr_line' id='line_1_32' title="bbox 113 2494 675 2564; baseline 0.005 -19"><span class='ocrx_word' id='word_1_161' title='bbox 113 2512 141 2545; x_wconf 92' lang='lat' dir='ltr'>m</span> <span class='ocrx_word' id='word_1_162' title='bbox 152 2494 257 2562; x_wconf 76' lang='lat' dir='ltr'>Sagana</span> <span class='ocrx_word' id='word_1_163' title='bbox 268 2502 419 2547; x_wconf 75' lang='lat' dir='ltr'>resonarent</span> <span class='ocrx_word' id='word_1_164' title='bbox 431 2497 506 2548; x_wconf 85' lang='lat' dir='ltr'>triste</span> <span class='ocrx_word' id='word_1_165' title='bbox 518 2502 546 2547; x_wconf 88' lang='lat' dir='ltr'>ct</span> <span class='ocrx_word' id='word_1_166' title='bbox 558 2503 675 2564; x_wconf 83' lang='lat' dir='ltr'>acutum,</span> 
     </span>
    </p>

    <p class='ocr_par' dir='ltr' id='par_1_24' title="bbox 113 2562 620 2617">
     <span class='ocr_line' id='line_1_33' title="bbox 113 2562 620 2617; baseline 0.006 -3"><span class='ocrx_word' id='word_1_167' title='bbox 113 2564 120 2614; x_wconf 87' lang='lat' dir='ltr'>i</span> <span class='ocrx_word' id='word_1_168' title='bbox 132 2562 241 2616; x_wconf 81' lang='lat' dir='ltr'>berbem</span> <span class='ocrx_word' id='word_1_169' title='bbox 253 2564 332 2615; x_wconf 74' lang='lat' dir='ltr'>verim</span> <span class='ocrx_word' id='word_1_170' title='bbox 345 2581 405 2615; x_wconf 91' lang='lat' dir='ltr'>curn</span> <span class='ocrx_word' id='word_1_171' title='bbox 418 2564 496 2617; x_wconf 89' lang='lat' dir='ltr'>dente</span> <span class='ocrx_word' id='word_1_172' title='bbox 508 2565 620 2617; x_wconf 83' lang='lat' dir='ltr'>cclubrae</span> 
     </span>
    </p>

    <p class='ocr_par' dir='ltr' id='par_1_25' title="bbox 113 2630 575 2701">
     <span class='ocr_line' id='line_1_34' title="bbox 113 2630 575 2701; baseline 0.006 -18"><span class='ocrx_word' id='word_1_173' title='bbox 113 2638 121 2683; x_wconf 87' lang='lat' dir='ltr'>t</span> <span class='ocrx_word' id='word_1_174' title='bbox 132 2630 226 2683; x_wconf 80' lang='lat' dir='ltr'>furtim</span> <span class='ocrx_word' id='word_1_175' title='bbox 238 2632 321 2699; x_wconf 84' lang='lat' dir='ltr'>terrie,</span> <span class='ocrx_word' id='word_1_176' title='bbox 334 2639 361 2685; x_wconf 87' lang='lat' dir='ltr'>et</span> <span class='ocrx_word' id='word_1_177' title='bbox 373 2634 487 2701; x_wconf 77' lang='lat' dir='ltr'>imagine</span> <span class='ocrx_word' id='word_1_178' title='bbox 500 2651 575 2686; x_wconf 79' lang='lat' dir='ltr'>ceree</span> 
     </span>
    </p>

    <p class='ocr_par' dir='ltr' id='par_1_26' title="bbox 113 2700 615 2769">
     <span class='ocr_line' id='line_1_35' title="bbox 113 2700 615 2769; baseline 0.006 -18"><span class='ocrx_word' id='word_1_179' title='bbox 113 2700 173 2752; x_wconf 74' lang='lat' dir='ltr'>serit</span> <span class='ocrx_word' id='word_1_180' title='bbox 183 2700 261 2769; x_wconf 79' lang='lat' dir='ltr'>ignis,</span> <span class='ocrx_word' id='word_1_181' title='bbox 275 2707 303 2755; x_wconf 91' lang='lat' dir='ltr'>et</span> <span class='ocrx_word' id='word_1_182' title='bbox 315 2707 346 2755; x_wconf 93' lang='lat' dir='ltr'>ut</span> <span class='ocrx_word' id='word_1_183' title='bbox 357 2719 412 2756; x_wconf 89' lang='lat' dir='ltr'>non</span> <span class='ocrx_word' id='word_1_184' title='bbox 423 2703 500 2757; x_wconf 84' lang='lat' dir='ltr'>testis</span> <span class='ocrx_word' id='word_1_185' title='bbox 509 2702 615 2755; x_wconf 77' lang='lat' dir='ltr'>inultus</span> 
     </span>
    </p>
   </div>
   <div class='ocr_carea' id='block_1_4' title="bbox 119 2770 633 2833">
    <p class='ocr_par' dir='ltr' id='par_1_27' title="bbox 119 2770 633 2833">
     <span class='ocr_line' id='line_1_36' title="bbox 119 2770 633 2833; baseline 0.016 -13"><span class='ocrx_word' id='word_1_186' title='bbox 119 2784 197 2824; x_wconf 77' lang='lat' dir='ltr'>vocce</span> <span class='ocrx_word' id='word_1_187' title='bbox 209 2770 361 2830; x_wconf 73' lang='lat' dir='ltr'>Furiarum</span> <span class='ocrx_word' id='word_1_188' title='bbox 373 2781 402 2833; x_wconf 84' lang='lat' dir='ltr'>et</span> <span class='ocrx_word' id='word_1_189' title='bbox 412 2776 491 2833; x_wconf 76' lang='lat' dir='ltr'>iectu</span> <span class='ocrx_word' id='word_1_190' title='bbox 502 2774 633 2829; x_wconf 68' lang='lat' dir='ltr'>numum.</span> 
     </span>
    </p>
   </div>
   <div class='ocr_carea' id='block_1_5' title="bbox 0 0 1084 3309">
    <p class='ocr_par' dir='ltr' id='par_1_28' title="bbox 0 0 1084 3309">
     <span class='ocr_line' id='line_1_37' title="bbox 0 0 1084 3309; baseline 0 0"><span class='ocrx_word' id='word_1_191' title='bbox 0 0 1084 3309; x_wconf 95' lang='lat' dir='ltr'> </span> 
     </span>
    </p>
   </div>
  </div>
 </body>
</html>
