2159 3309
470 306 621 361 HORATII

221 410 280 463 Hac
292 414 349 463 arte
361 409 457 463 Pollux
470 418 497 464 et
510 430 591 479 vagus
605 411 732 463 Hercules

219 479 316 533 Enisus
327 498 398 533 arces
411 482 502 548 attigit
515 483 611 549 igneas,

255 550 325 615 Quos
337 550 406 602 inter
418 550 555 617 Augustus
567 549 721 602 recumbens

290 619 425 688 Purpureo
437 619 504 672 bibit
516 637 559 672 ore
571 629 669 672 nectar.

220 688 280 741 Hac
292 695 319 740 te
331 696 481 754 merentem,
495 689 598 741 Bacche
611 698 693 757 pater,
706 694 762 741 tue

221 757 323 811 Venere
335 758 415 825 tigres
428 759 535 811 indocili
545 761 643 827 jugum

214 836 218 843 “
245 826 327 880 eollo
338 827 472 879 trahentes
480 847 487 890 ;
505 829 555 880 hac
568 828 694 892 Quirinus

280 892 384 949 martis
396 898 469 965 equis
482 898 632 949 Acheronta
644 897 722 965 sugit,

222 964 332 1018 Gratum
345 965 467 1047 eloquuta
480 966 679 1020 consiliantibus

221 1034 241 1088 J
243 1051 328 1087 unone
339 1034 427 1088 Divis:
446 1036 523 1102 Ilion,
537 1036 607 1088 Ilion

256 1103 355 1156 Fatalis
368 1104 532 1175 incestusque
542 1106 627 1173 judex

76 1159 245 1255 „thl
290 1172 326 1225 Et
337 1174 432 1226 mulier
444 1176 581 1245 peregrina
594 1175 674 1227 vertit

76 1234 151 1333 ζα(
182 1242 255 1365 »71qu
267 1242 519 1366 pullemm’tffluo
532 1234 736 1366 bestitffiimpm

89 1349 95 1359 .
253 1329 342 1364 ercee
373 1331 402 1365 ac
482 1331 538 1365 ome
559 1331 599 1378 on,
612 1332 648 1365 mr

257 1330 392 1449 Castuqlle
405 1382 562 1435 damnatum
575 1383 701 1435 Minervae

292 1452 357 1504 Cum
388 1452 466 1520 opnlo
479 1460 506 1504 et
519 1452 585 1504 duce
597 1452 776 1505 fraudulento.

77 1518 176 1600 {mss
224 1520 287 1574 Jam
299 1538 348 1573 nec
399 1537 477 1573 caense
490 1521 611 1591 splendet
622 1522 749 1574 adulteras

223 1591 348 1644 Famosus
361 1591 453 1659 hospes
466 1608 514 1643 nec
527 1590 626 1642 Priami
639 1591 731 1644 domus

259 1659 369 1727 Perjura
381 1676 514 1727 pugnaces
526 1661 641 1713 Achivos

76 1748 93 1789 ι
106 1722 218 1831 Λή
294 1728 431 1780 Hectoreis
443 1728 535 1797 opibus
548 1730 627 1782 refrin
649 1730 677 1797 it,

76 1799 197 1871 “wau
222 1772 377 1866 ffbstrisque
390 1796 500 1849 ductum
512 1747 684 1851 seditionibus

76 1839 329 2046 'bt-&Bellum
340 1866 443 1920 resedit.
479 1867 602 1920 Protinus
614 1876 641 1921 et
653 1884 746 1937 graves

76 1920 116 1987 ἸΙ
149 1963 156 1996 5
259 1935 624 2005 irasetinvisumrffltgm,

219 2010 256 2041 '7’
293 2005 385 2059 Troica
397 2023 475 2074 quem
520 2007 589 2074 perit
601 2006 726 2070 sacerdos,

224 2076 306 2130 Marti
317 2074 461 2140 redonab0;
479 2077 488 2128 i
500 2075 556 2128 lum
568 2093 616 2142 ego
628 2075 730 2128 lucidas

225 2146 296 2200 Inire
308 2145 388 2209 sedes,
401 2145 494 2197 ducere
507 2146 620 2197 nectaris

259 2215 340 2270 Sucos
352 2221 379 2267 et
391 2215 502 2268 adscribi
516 2215 612 2283 quietis

295 2284 436 2337 Ordinibus
449 2285 536 2353 patiar
548 2285 669 2336 Deorum

225 2354 297 2407 Dum
310 2354 403 2421 longus
415 2355 485 2406 inter
497 2355 588 2405 saeviat
603 2353 670 2405 llion

226 2425 387 2490 Romamque
399 2432 502 2491 pontus,
515 2423 633 2491 qualibet
645 2422 748 2475 exsules

260 2495 293 2547 In
306 2500 380 2561 parte
393 2499 520 2558 regnanto
533 2492 618 2554 beati;

295 2562 365 2614 Dum
379 2561 476 2613 Priami
490 2561 644 2629 Paridisque
656 2560 733 2612 busto

227 2631 342 2685 Insultet
354 2639 503 2682 armentum
515 2636 543 2682 et
555 2630 655 2682 catulos
668 2629 730 2682 ieras

226 2701 317 2755 Celent
329 2700 429 2764 intritae,
442 2707 495 2752 stet
507 2700 667 2768 Capitolium

253 2770 374 2840 Fulgcns
387 2769 619 2843 triumphatisque
663 2767 716 2845 seit

280 2842 372 2899 Roma
385 2844 467 2900 ferox
479 2844 549 2900 dare
559 2843 627 2913 iura
668 2835 739 2889 edit

100 2024 124 2077 t

106 2905 164 2998 k
