<?xml version="1.0" encoding="UTF-8"?>
<!DOCTYPE html PUBLIC "-//W3C//DTD XHTML 1.0 Transitional//EN"
    "http://www.w3.org/TR/xhtml1/DTD/xhtml1-transitional.dtd">
<html xmlns="http://www.w3.org/1999/xhtml" xml:lang="en" lang="en">
 <head>
  <title>
</title>
<meta http-equiv="Content-Type" content="text/html;charset=utf-8" />
  <meta name='ocr-system' content='tesseract 3.04.00' />
  <meta name='ocr-capabilities' content='ocr_page ocr_carea ocr_par ocr_line ocrx_word'/>
</head>
<body>
  <div class='ocr_page' id='page_1' title='image "./qhoratiiflaccio01flacgoog_0183.png"; bbox 0 0 2159 3309; ppageno 0'>
   <div class='ocr_carea' id='block_1_1' title="bbox 140 240 712 341">
    <p class='ocr_par' dir='ltr' id='par_1_1' title="bbox 140 240 712 341">
     <span class='ocr_line' id='line_1_1' title="bbox 140 240 712 341; baseline 0.009 -5"><span class='ocrx_word' id='word_1_1' title='bbox 140 240 362 337; x_wconf 74' lang='grc' dir='ltr'>1ΒΑΤΙΒΑΒΠΜ</span> <span class='ocrx_word' id='word_1_2' title='bbox 384 283 422 335; x_wconf 82' lang='grc' dir='ltr'>ΙΙ.</span> <span class='ocrx_word' id='word_1_3' title='bbox 441 285 466 333; x_wconf 80' lang='lat'>2.</span> <span class='ocrx_word' id='word_1_4' title='bbox 661 286 712 341; x_wconf 87' lang='grc'>161</span> 
     </span>
    </p>
   </div>
   <div class='ocr_carea' id='block_1_2' title="bbox 109 388 725 2791">
    <p class='ocr_par' dir='ltr' id='par_1_2' title="bbox 109 388 588 458">
     <span class='ocr_line' id='line_1_2' title="bbox 109 388 588 458; baseline 0.004 -20"><span class='ocrx_word' id='word_1_5' title='bbox 109 389 200 442; x_wconf 74' lang='lat' dir='ltr'>diuite.</span> <span class='ocrx_word' id='word_1_6' title='bbox 235 389 322 454; x_wconf 85' lang='lat' dir='ltr'>Vides,</span> <span class='ocrx_word' id='word_1_7' title='bbox 334 394 366 441; x_wconf 88' lang='lat' dir='ltr'>ut</span> <span class='ocrx_word' id='word_1_8' title='bbox 378 389 492 458; x_wconf 84' lang='lat' dir='ltr'>pallidus</span> <span class='ocrx_word' id='word_1_9' title='bbox 504 388 588 440; x_wconf 89' lang='lat' dir='ltr'>omnis</span> 
     </span>
    </p>

    <p class='ocr_par' dir='ltr' id='par_1_3' title="bbox 109 458 594 526">
     <span class='ocr_line' id='line_1_3' title="bbox 109 458 594 526; baseline -0.006 -15"><span class='ocrx_word' id='word_1_10' title='bbox 109 465 138 513; x_wconf 77' lang='lat' dir='ltr'>ut</span> <span class='ocrx_word' id='word_1_11' title='bbox 150 458 246 509; x_wconf 72' lang='lat' dir='ltr'>dubini</span> <span class='ocrx_word' id='word_1_12' title='bbox 283 459 351 521; x_wconf 83' lang='lat' dir='ltr'>Quin</span> <span class='ocrx_word' id='word_1_13' title='bbox 365 476 457 526; x_wconf 88' lang='lat' dir='ltr'>corpus</span> <span class='ocrx_word' id='word_1_14' title='bbox 470 465 594 509; x_wconf 89' lang='lat' dir='ltr'>onustum</span> 
     </span>
    </p>

    <p class='ocr_par' dir='ltr' id='par_1_4' title="bbox 111 527 612 595">
     <span class='ocr_line' id='line_1_4' title="bbox 111 527 612 595; baseline 0.002 -18"><span class='ocrx_word' id='word_1_15' title='bbox 111 527 143 577; x_wconf 91' lang='lat' dir='ltr'>iis</span> <span class='ocrx_word' id='word_1_16' title='bbox 155 527 272 578; x_wconf 82' lang='lat' dir='ltr'>animum</span> <span class='ocrx_word' id='word_1_17' title='bbox 285 545 386 595; x_wconf 88' lang='lat' dir='ltr'>quoque</span> <span class='ocrx_word' id='word_1_18' title='bbox 398 534 612 595; x_wconf 68' lang='lat' dir='ltr'>praegravatum</span> 
     </span>
    </p>

    <p class='ocr_par' dir='ltr' id='par_1_5' title="bbox 118 595 566 664">
     <span class='ocr_line' id='line_1_5' title="bbox 118 595 566 664; baseline 0.004 -18"><span class='ocrx_word' id='word_1_19' title='bbox 118 595 198 647; x_wconf 92' lang='lat' dir='ltr'>humo</span> <span class='ocrx_word' id='word_1_20' title='bbox 210 596 306 647; x_wconf 81' lang='lat' dir='ltr'>divinae</span> <span class='ocrx_word' id='word_1_21' title='bbox 319 597 476 664; x_wconf 81' lang='lat' dir='ltr'>particulam</span> <span class='ocrx_word' id='word_1_22' title='bbox 488 613 566 649; x_wconf 78' lang='lat' dir='ltr'>aurae.</span> 
     </span>
    </p>

    <p class='ocr_par' dir='ltr' id='par_1_6' title="bbox 109 665 709 803">
     <span class='ocr_line' id='line_1_6' title="bbox 109 665 709 733; baseline 0 -18"><span class='ocrx_word' id='word_1_23' title='bbox 109 672 146 716; x_wconf 72' lang='lat' dir='ltr'>eto</span> <span class='ocrx_word' id='word_1_24' title='bbox 158 665 235 715; x_wconf 87' lang='lat' dir='ltr'>citius</span> <span class='ocrx_word' id='word_1_25' title='bbox 248 673 339 717; x_wconf 82' lang='lat' dir='ltr'>curata</span> <span class='ocrx_word' id='word_1_26' title='bbox 353 666 436 733; x_wconf 88' lang='lat' dir='ltr'>sopori</span> <span class='ocrx_word' id='word_1_27' title='bbox 675 666 709 715; x_wconf 82' lang='lat'>80</span> 
     </span>
     <span class='ocr_line' id='line_1_7' title="bbox 109 733 670 803; baseline 0.004 -20"><span class='ocrx_word' id='word_1_28' title='bbox 109 735 134 797; x_wconf 81' lang='lat' dir='ltr'>it,</span> <span class='ocrx_word' id='word_1_29' title='bbox 146 740 254 799; x_wconf 82' lang='lat' dir='ltr'>vegetus</span> <span class='ocrx_word' id='word_1_30' title='bbox 266 736 418 803; x_wconf 80' lang='lat' dir='ltr'>praescripta</span> <span class='ocrx_word' id='word_1_31' title='bbox 430 734 464 786; x_wconf 85' lang='lat' dir='ltr'>ad</span> <span class='ocrx_word' id='word_1_32' title='bbox 475 734 567 785; x_wconf 82' lang='lat' dir='ltr'>munia</span> <span class='ocrx_word' id='word_1_33' title='bbox 579 733 670 799; x_wconf 78' lang='lat' dir='ltr'><strong>surgit.</strong></span> 
     </span>
    </p>

    <p class='ocr_par' dir='ltr' id='par_1_7' title="bbox 109 802 675 937">
     <span class='ocr_line' id='line_1_8' title="bbox 110 802 675 870; baseline 0.004 -18"><span class='ocrx_word' id='word_1_34' title='bbox 110 802 121 852; x_wconf 79' lang='lat' dir='ltr'>i</span> <span class='ocrx_word' id='word_1_35' title='bbox 133 802 226 853; x_wconf 90' lang='lat' dir='ltr'>melius</span> <span class='ocrx_word' id='word_1_36' title='bbox 238 805 335 870; x_wconf 90' lang='lat' dir='ltr'>poterit</span> <span class='ocrx_word' id='word_1_37' title='bbox 344 810 523 854; x_wconf 82' lang='lat' dir='ltr'>&#39;transcurrere</span> <span class='ocrx_word' id='word_1_38' title='bbox 536 804 675 870; x_wconf 76' lang='lat' dir='ltr'>quondam,</span> 
     </span>
     <span class='ocr_line' id='line_1_9' title="bbox 109 872 536 937; baseline 0.005 -16"><span class='ocrx_word' id='word_1_39' title='bbox 109 877 173 921; x_wconf 70' lang='lat' dir='ltr'>itum</span> <span class='ocrx_word' id='word_1_40' title='bbox 184 872 285 922; x_wconf 88' lang='lat' dir='ltr'>rediens</span> <span class='ocrx_word' id='word_1_41' title='bbox 298 872 433 922; x_wconf 79' lang='lat' dir='ltr'><strong>advexerit</strong></span> <span class='ocrx_word' id='word_1_42' title='bbox 445 889 536 937; x_wconf 84' lang='lat' dir='ltr'>annus,</span> 
     </span>
    </p>

    <p class='ocr_par' dir='ltr' id='par_1_8' title="bbox 112 939 568 1008">
     <span class='ocr_line' id='line_1_10' title="bbox 112 939 568 1008; baseline 0.004 -18"><span class='ocrx_word' id='word_1_43' title='bbox 112 939 182 991; x_wconf 86' lang='lat' dir='ltr'>volet</span> <span class='ocrx_word' id='word_1_44' title='bbox 195 946 333 992; x_wconf 79' lang='lat' dir='ltr'>tenuatum</span> <span class='ocrx_word' id='word_1_45' title='bbox 346 957 453 1007; x_wconf 87' lang='lat' dir='ltr'>corpus;</span> <span class='ocrx_word' id='word_1_46' title='bbox 470 940 568 1008; x_wconf 80' lang='lat' dir='ltr'>ubique</span> 
     </span>
    </p>

    <p class='ocr_par' dir='ltr' id='par_1_9' title="bbox 110 1008 479 1060">
     <span class='ocr_line' id='line_1_11' title="bbox 110 1008 479 1060; baseline 0 -1"><span class='ocrx_word' id='word_1_47' title='bbox 110 1008 129 1059; x_wconf 89' lang='lat' dir='ltr'>1i</span> <span class='ocrx_word' id='word_1_48' title='bbox 142 1015 169 1059; x_wconf 89' lang='lat' dir='ltr'>et</span> <span class='ocrx_word' id='word_1_49' title='bbox 180 1009 288 1060; x_wconf 77' lang='lat' dir='ltr'>tractari</span> <span class='ocrx_word' id='word_1_50' title='bbox 300 1008 404 1059; x_wconf 82' lang='lat' dir='ltr'>mollius</span> <span class='ocrx_word' id='word_1_51' title='bbox 416 1015 479 1059; x_wconf 80' lang='lat' dir='ltr'>aetas</span> 
     </span>
    </p>

    <p class='ocr_par' dir='ltr' id='par_1_10' title="bbox 110 1077 609 1143">
     <span class='ocr_line' id='line_1_12' title="bbox 110 1077 609 1143; baseline 0.002 -16"><span class='ocrx_word' id='word_1_52' title='bbox 110 1083 147 1142; x_wconf 80' lang='lat' dir='ltr'>et,</span> <span class='ocrx_word' id='word_1_53' title='bbox 159 1077 208 1128; x_wconf 89' lang='lat' dir='ltr'>tibi</span> <span class='ocrx_word' id='word_1_54' title='bbox 222 1078 347 1143; x_wconf 70' lang='lat' dir='ltr'>quidnam</span> <span class='ocrx_word' id='word_1_55' title='bbox 360 1078 465 1128; x_wconf 75' lang='lat' dir='ltr'>accedet</span> <span class='ocrx_word' id='word_1_56' title='bbox 477 1077 511 1128; x_wconf 84' lang='lat' dir='ltr'>ad</span> <span class='ocrx_word' id='word_1_57' title='bbox 523 1077 609 1143; x_wconf 78' lang='lat' dir='ltr'>istam,</span> 
     </span>
    </p>

    <p class='ocr_par' dir='ltr' id='par_1_11' title="bbox 110 1145 610 1214">
     <span class='ocr_line' id='line_1_13' title="bbox 110 1145 610 1214; baseline 0 -17"><span class='ocrx_word' id='word_1_58' title='bbox 110 1151 124 1197; x_wconf 92' lang='lat' dir='ltr'>t</span> <span class='ocrx_word' id='word_1_59' title='bbox 136 1145 239 1197; x_wconf 83' lang='lat' dir='ltr'>validus</span> <span class='ocrx_word' id='word_1_60' title='bbox 251 1146 393 1214; x_wconf 72' lang='lat' dir='ltr'>praesumis,</span> <span class='ocrx_word' id='word_1_61' title='bbox 405 1146 550 1210; x_wconf 88' lang='lat' dir='ltr'>mollitiem,</span> <span class='ocrx_word' id='word_1_62' title='bbox 564 1163 610 1197; x_wconf 86' lang='lat' dir='ltr'>seu</span> 
     </span>
    </p>

    <p class='ocr_par' dir='ltr' id='par_1_12' title="bbox 110 1213 560 1266">
     <span class='ocr_line' id='line_1_14' title="bbox 110 1213 560 1266; baseline 0.002 -1"><span class='ocrx_word' id='word_1_63' title='bbox 110 1215 132 1266; x_wconf 90' lang='grc' dir='ltr'>Ιο</span> <span class='ocrx_word' id='word_1_64' title='bbox 144 1215 265 1266; x_wconf 89' lang='lat' dir='ltr'>inciderit</span> <span class='ocrx_word' id='word_1_65' title='bbox 278 1213 323 1265; x_wconf 87' lang='lat' dir='ltr'>seu</span> <span class='ocrx_word' id='word_1_66' title='bbox 336 1215 412 1266; x_wconf 83' lang='lat' dir='ltr'>tarda</span> <span class='ocrx_word' id='word_1_67' title='bbox 424 1213 560 1266; x_wconf 62' lang='lat' dir='ltr'>senectus?</span> 
     </span>
    </p>

    <p class='ocr_par' dir='ltr' id='par_1_13' title="bbox 110 1282 713 1487">
     <span class='ocr_line' id='line_1_15' title="bbox 110 1282 685 1350; baseline 0 -15"><span class='ocrx_word' id='word_1_68' title='bbox 110 1301 176 1335; x_wconf 80' lang='lat' dir='ltr'>&gt;rum</span> <span class='ocrx_word' id='word_1_69' title='bbox 188 1283 291 1350; x_wconf 86' lang='lat' dir='ltr'>antiqui</span> <span class='ocrx_word' id='word_1_70' title='bbox 303 1283 453 1346; x_wconf 83' lang='lat' dir='ltr'>laudabant,</span> <span class='ocrx_word' id='word_1_71' title='bbox 467 1300 520 1333; x_wconf 89' lang='lat' dir='ltr'>uon</span> <span class='ocrx_word' id='word_1_72' title='bbox 532 1282 594 1350; x_wconf 83' lang='lat' dir='ltr'>quia</span> <span class='ocrx_word' id='word_1_73' title='bbox 605 1298 685 1335; x_wconf 73' lang='lat' dir='ltr'>nasus</span> 
     </span>
     <span class='ocr_line' id='line_1_16' title="bbox 110 1350 713 1420; baseline 0 -16"><span class='ocrx_word' id='word_1_74' title='bbox 110 1360 149 1404; x_wconf 79' lang='lat' dir='ltr'>rat</span> <span class='ocrx_word' id='word_1_75' title='bbox 156 1371 163 1416; x_wconf 91' lang='lat'>;</span> <span class='ocrx_word' id='word_1_76' title='bbox 182 1352 226 1403; x_wconf 87' lang='lat' dir='ltr'>sed</span> <span class='ocrx_word' id='word_1_77' title='bbox 239 1352 314 1403; x_wconf 87' lang='lat' dir='ltr'>credo</span> <span class='ocrx_word' id='word_1_78' title='bbox 326 1350 376 1404; x_wconf 80' lang='lat' dir='ltr'>hac</span> <span class='ocrx_word' id='word_1_79' title='bbox 387 1357 483 1418; x_wconf 88' lang='lat' dir='ltr'>mente,</span> <span class='ocrx_word' id='word_1_80' title='bbox 491 1351 560 1419; x_wconf 93' lang='lat' dir='ltr'>quod</span> <span class='ocrx_word' id='word_1_81' title='bbox 572 1352 664 1420; x_wconf 77' lang='lat' dir='ltr'>hospes</span> <span class='ocrx_word' id='word_1_82' title='bbox 676 1354 713 1404; x_wconf 85' lang='lat'>90</span> 
     </span>
     <span class='ocr_line' id='line_1_17' title="bbox 112 1421 587 1487; baseline -0.002 -15"><span class='ocrx_word' id='word_1_83' title='bbox 112 1422 186 1472; x_wconf 87' lang='lat' dir='ltr'>niens</span> <span class='ocrx_word' id='word_1_84' title='bbox 198 1422 323 1473; x_wconf 82' lang='lat' dir='ltr'>vitiatum</span> <span class='ocrx_word' id='word_1_85' title='bbox 336 1421 494 1473; x_wconf 83' lang='lat' dir='ltr'>commodius</span> <span class='ocrx_word' id='word_1_86' title='bbox 507 1437 587 1487; x_wconf 87' lang='lat' dir='ltr'>quam</span> 
     </span>
    </p>

    <p class='ocr_par' dir='ltr' id='par_1_14' title="bbox 110 1488 709 1627">
     <span class='ocr_line' id='line_1_18' title="bbox 110 1488 709 1542; baseline 0.002 -1"><span class='ocrx_word' id='word_1_87' title='bbox 110 1508 135 1541; x_wconf 83' lang='lat' dir='ltr'>ur</span> <span class='ocrx_word' id='word_1_88' title='bbox 143 1491 263 1541; x_wconf 91' lang='lat' dir='ltr'>dominus</span> <span class='ocrx_word' id='word_1_89' title='bbox 272 1496 441 1541; x_wconf 90' lang='lat' dir='ltr'>consumeret.</span> <span class='ocrx_word' id='word_1_90' title='bbox 466 1490 522 1541; x_wconf 84' lang='lat' dir='ltr'>Hos</span> <span class='ocrx_word' id='word_1_91' title='bbox 532 1489 635 1541; x_wconf 83' lang='lat' dir='ltr'>utinam</span> <span class='ocrx_word' id='word_1_92' title='bbox 642 1488 709 1542; x_wconf 77' lang='lat' dir='ltr'>inter</span> 
     </span>
     <span class='ocr_line' id='line_1_19' title="bbox 110 1559 497 1627; baseline 0.013 -18"><span class='ocrx_word' id='word_1_93' title='bbox 110 1576 127 1609; x_wconf 90' lang='lat' dir='ltr'>n</span> <span class='ocrx_word' id='word_1_94' title='bbox 140 1559 218 1611; x_wconf 86' lang='lat' dir='ltr'>tellus</span> <span class='ocrx_word' id='word_1_95' title='bbox 230 1577 272 1610; x_wconf 90' lang='lat' dir='ltr'>me</span> <span class='ocrx_word' id='word_1_96' title='bbox 284 1560 369 1627; x_wconf 84' lang='lat' dir='ltr'>primu</span> <span class='ocrx_word' id='word_1_97' title='bbox 380 1559 497 1614; x_wconf 81' lang='lat' dir='ltr'>tulisset!</span> 
     </span>
    </p>

    <p class='ocr_par' dir='ltr' id='par_1_15' title="bbox 110 1628 596 1696">
     <span class='ocr_line' id='line_1_20' title="bbox 110 1628 596 1696; baseline 0 -17"><span class='ocrx_word' id='word_1_98' title='bbox 110 1629 185 1695; x_wconf 66' lang='lat' dir='ltr'>umae,</span> <span class='ocrx_word' id='word_1_99' title='bbox 198 1646 257 1696; x_wconf 88' lang='lat' dir='ltr'>quae</span> <span class='ocrx_word' id='word_1_100' title='bbox 270 1628 384 1680; x_wconf 80' lang='lat' dir='ltr'>carmine</span> <span class='ocrx_word' id='word_1_101' title='bbox 396 1628 494 1695; x_wconf 74' lang='lat' dir='ltr'>gratior</span> <span class='ocrx_word' id='word_1_102' title='bbox 505 1644 596 1679; x_wconf 81' lang='lat' dir='ltr'>aurem</span> 
     </span>
    </p>

    <p class='ocr_par' dir='ltr' id='par_1_16' title="bbox 110 1697 613 1765">
     <span class='ocr_line' id='line_1_21' title="bbox 110 1697 613 1765; baseline 0.004 -18"><span class='ocrx_word' id='word_1_103' title='bbox 110 1712 208 1748; x_wconf 79' lang='lat' dir='ltr'>ranam:</span> <span class='ocrx_word' id='word_1_104' title='bbox 227 1698 337 1763; x_wconf 80' lang='lat' dir='ltr'>grandes</span> <span class='ocrx_word' id='word_1_105' title='bbox 349 1697 452 1748; x_wconf 87' lang='lat' dir='ltr'>rhombi</span> <span class='ocrx_word' id='word_1_106' title='bbox 464 1697 613 1765; x_wconf 75' lang='lat' dir='ltr'>patinaeque</span> 
     </span>
    </p>

    <p class='ocr_par' dir='ltr' id='par_1_17' title="bbox 110 1766 596 1829">
     <span class='ocr_line' id='line_1_22' title="bbox 110 1766 596 1829; baseline 0.004 -13"><span class='ocrx_word' id='word_1_107' title='bbox 110 1771 128 1816; x_wconf 79' lang='lat' dir='ltr'>rt</span> <span class='ocrx_word' id='word_1_108' title='bbox 140 1783 193 1816; x_wconf 77' lang='lat' dir='ltr'>uno</span> <span class='ocrx_word' id='word_1_109' title='bbox 205 1783 264 1816; x_wconf 90' lang='lat' dir='ltr'>cum</span> <span class='ocrx_word' id='word_1_110' title='bbox 277 1767 372 1817; x_wconf 86' lang='lat' dir='ltr'>damno</span> <span class='ocrx_word' id='word_1_111' title='bbox 385 1766 510 1829; x_wconf 80' lang='lat' dir='ltr'>dedecus3</span> <span class='ocrx_word' id='word_1_112' title='bbox 529 1767 596 1818; x_wconf 83' lang='lat' dir='ltr'>addo</span> 
     </span>
    </p>

    <p class='ocr_par' dir='ltr' id='par_1_18' title="bbox 110 1835 526 1902">
     <span class='ocr_line' id='line_1_23' title="bbox 110 1835 526 1902; baseline 0.005 -18"><span class='ocrx_word' id='word_1_113' title='bbox 110 1852 169 1899; x_wconf 86' lang='lat' dir='ltr'>uun,</span> <span class='ocrx_word' id='word_1_114' title='bbox 181 1835 286 1900; x_wconf 85' lang='lat' dir='ltr'>vicinos,</span> <span class='ocrx_word' id='word_1_115' title='bbox 299 1841 325 1886; x_wconf 88' lang='lat' dir='ltr'>te</span> <span class='ocrx_word' id='word_1_116' title='bbox 337 1835 387 1886; x_wconf 91' lang='lat' dir='ltr'>tibi</span> <span class='ocrx_word' id='word_1_117' title='bbox 398 1835 526 1902; x_wconf 89' lang='lat' dir='ltr'>iniquum,</span> 
     </span>
    </p>

    <p class='ocr_par' dir='ltr' id='par_1_19' title="bbox 110 1903 604 1992">
     <span class='ocr_line' id='line_1_24' title="bbox 110 1903 604 1992; baseline 0.004 -39"><span class='ocrx_word' id='word_1_118' title='bbox 110 1903 169 1954; x_wconf 79' lang='lat' dir='ltr'>ortis</span> <span class='ocrx_word' id='word_1_119' title='bbox 181 1904 314 1971; x_wconf 80' lang='lat' dir='ltr'>cupidum,</span> <span class='ocrx_word' id='word_1_120' title='bbox 327 1921 408 1992; x_wconf 64' lang='lat' dir='ltr'>‹puum</span> <span class='ocrx_word' id='word_1_121' title='bbox 421 1904 504 1955; x_wconf 88' lang='lat' dir='ltr'>deerit</span> <span class='ocrx_word' id='word_1_122' title='bbox 516 1903 604 1970; x_wconf 87' lang='lat' dir='ltr'>egenti</span> 
     </span>
    </p>

    <p class='ocr_par' dir='ltr' id='par_1_20' title="bbox 110 1969 711 2170">
     <span class='ocr_line' id='line_1_25' title="bbox 110 1969 682 2035; baseline -0.005 -13"><span class='ocrx_word' id='word_1_123' title='bbox 110 1970 200 2022; x_wconf 87' lang='lat' dir='ltr'>etium.</span> <span class='ocrx_word' id='word_1_124' title='bbox 236 1972 250 1997; x_wconf 88' lang='lat'><strong>“</strong></span> <span class='ocrx_word' id='word_1_125' title='bbox 259 1969 277 2021; x_wconf 89' lang='lat' dir='ltr'><strong>J</strong></span> <span class='ocrx_word' id='word_1_126' title='bbox 280 1987 331 2022; x_wconf 87' lang='lat' dir='ltr'>ure.</span> <span class='ocrx_word' id='word_1_127' title='bbox 342 1972 348 1992; x_wconf 91' lang='lat'>&#39;</span> <span class='ocrx_word' id='word_1_128' title='bbox 361 1970 454 2035; x_wconf 87' lang='lat' dir='ltr'>inquit,</span> <span class='ocrx_word' id='word_1_129' title='bbox 468 1972 482 1997; x_wconf 88' lang='lat'><strong><em>“</em></strong></span> <span class='ocrx_word' id='word_1_130' title='bbox 490 1971 613 2023; x_wconf 84' lang='lat' dir='ltr'>Trausius</span> <span class='ocrx_word' id='word_1_131' title='bbox 625 1971 682 2021; x_wconf 79' lang='lat' dir='ltr'>istis</span> 
     </span>
     <span class='ocr_line' id='line_1_26' title="bbox 110 2034 711 2101; baseline 0.005 -16"><span class='ocrx_word' id='word_1_132' title='bbox 110 2036 159 2100; x_wconf 88' lang='lat' dir='ltr'>bis,</span> <span class='ocrx_word' id='word_1_133' title='bbox 172 2052 219 2100; x_wconf 79' lang='lat' dir='ltr'>ego</span> <span class='ocrx_word' id='word_1_134' title='bbox 232 2034 372 2100; x_wconf 79' lang='lat' dir='ltr'>vectigalia</span> <span class='ocrx_word' id='word_1_135' title='bbox 383 2052 480 2101; x_wconf 82' lang='lat' dir='ltr'>magna</span> <span class='ocrx_word' id='word_1_136' title='bbox 662 2040 711 2088; x_wconf 82' lang='lat'>100</span> 
     </span>
     <span class='ocr_line' id='line_1_27' title="bbox 110 2102 650 2170; baseline -0.004 -15"><span class='ocrx_word' id='word_1_137' title='bbox 110 2104 183 2155; x_wconf 85' lang='lat' dir='ltr'>rabeo</span> <span class='ocrx_word' id='word_1_138' title='bbox 196 2103 279 2154; x_wconf 90' lang='lat' dir='ltr'>tribus</span> <span class='ocrx_word' id='word_1_139' title='bbox 292 2102 392 2170; x_wconf 84' lang='lat' dir='ltr'>amplas</span> <span class='ocrx_word' id='word_1_140' title='bbox 408 2103 536 2170; x_wconf 83' lang='lat' dir='ltr'>regibus.&#39;&#39;</span> <span class='ocrx_word' id='word_1_141' title='bbox 573 2102 650 2168; x_wconf 82' lang='lat' dir='ltr'>Ergo,</span> 
     </span>
    </p>

    <p class='ocr_par' dir='ltr' id='par_1_21' title="bbox 110 2171 671 2447">
     <span class='ocr_line' id='line_1_28' title="bbox 110 2171 663 2238; baseline 0 -15"><span class='ocrx_word' id='word_1_142' title='bbox 110 2180 124 2237; x_wconf 85' lang='lat' dir='ltr'>t,</span> <span class='ocrx_word' id='word_1_143' title='bbox 137 2189 189 2223; x_wconf 89' lang='lat' dir='ltr'>non</span> <span class='ocrx_word' id='word_1_144' title='bbox 203 2179 242 2223; x_wconf 92' lang='lat' dir='ltr'>est</span> <span class='ocrx_word' id='word_1_145' title='bbox 254 2172 347 2222; x_wconf 89' lang='lat' dir='ltr'>melius</span> <span class='ocrx_word' id='word_1_146' title='bbox 360 2188 411 2238; x_wconf 92' lang='lat' dir='ltr'>quo</span> <span class='ocrx_word' id='word_1_147' title='bbox 423 2171 552 2221; x_wconf 83' lang='lat' dir='ltr'>insumere</span> <span class='ocrx_word' id='word_1_148' title='bbox 564 2172 663 2237; x_wconf 75' lang='lat' dir='ltr'>possis&#39;i</span> 
     </span>
     <span class='ocr_line' id='line_1_29' title="bbox 110 2239 608 2308; baseline -0.002 -17"><span class='ocrx_word' id='word_1_149' title='bbox 110 2242 184 2308; x_wconf 86' lang='lat' dir='ltr'>ignus</span> <span class='ocrx_word' id='word_1_150' title='bbox 197 2240 335 2308; x_wconf 87' lang='lat' dir='ltr'>quisquam</span> <span class='ocrx_word' id='word_1_151' title='bbox 347 2246 374 2291; x_wconf 90' lang='lat' dir='ltr'>te</span> <span class='ocrx_word' id='word_1_152' title='bbox 387 2239 486 2290; x_wconf 67' lang='lat' dir='ltr'>diriter</span> <span class='ocrx_word' id='word_1_153' title='bbox 523 2240 608 2301; x_wconf 83' lang='lat' dir='ltr'>Quare</span> 
     </span>
     <span class='ocr_line' id='line_1_30' title="bbox 111 2307 671 2375; baseline 0.004 -16"><span class='ocrx_word' id='word_1_154' title='bbox 111 2310 247 2375; x_wconf 81' lang='lat' dir='ltr'>tantique</span> <span class='ocrx_word' id='word_1_155' title='bbox 259 2308 361 2360; x_wconf 71' lang='lat' dir='ltr'>Deum?</span> <span class='ocrx_word' id='word_1_156' title='bbox 398 2308 456 2374; x_wconf 79' lang='lat' dir='ltr'>Gur,</span> <span class='ocrx_word' id='word_1_157' title='bbox 468 2307 591 2375; x_wconf 89' lang='lat' dir='ltr'>improbe,</span> <span class='ocrx_word' id='word_1_158' title='bbox 604 2325 671 2361; x_wconf 74' lang='lat' dir='ltr'>carte</span> 
     </span>
     <span class='ocr_line' id='line_1_31' title="bbox 111 2376 538 2447; baseline 0 -18"><span class='ocrx_word' id='word_1_159' title='bbox 111 2379 203 2447; x_wconf 83' lang='lat' dir='ltr'>patriae</span> <span class='ocrx_word' id='word_1_160' title='bbox 215 2384 290 2429; x_wconf 82' lang='lat' dir='ltr'>tanto</span> <span class='ocrx_word' id='word_1_161' title='bbox 303 2376 417 2428; x_wconf 87' lang='lat' dir='ltr'>emetiris</span> <span class='ocrx_word' id='word_1_162' title='bbox 430 2377 538 2429; x_wconf 66' lang='lat' dir='ltr'>acervo?</span> 
     </span>
    </p>

    <p class='ocr_par' dir='ltr' id='par_1_22' title="bbox 111 2446 527 2513">
     <span class='ocr_line' id='line_1_32' title="bbox 111 2446 527 2513; baseline -0.002 -15"><span class='ocrx_word' id='word_1_163' title='bbox 111 2488 114 2498; x_wconf 67' lang='grc'><strong>,</strong></span> <span class='ocrx_word' id='word_1_164' title='bbox 126 2453 195 2499; x_wconf 87' lang='lat' dir='ltr'>recte</span> <span class='ocrx_word' id='word_1_165' title='bbox 208 2446 256 2497; x_wconf 87' lang='lat' dir='ltr'>tibi</span> <span class='ocrx_word' id='word_1_166' title='bbox 269 2463 369 2513; x_wconf 87' lang='lat' dir='ltr'>semper</span> <span class='ocrx_word' id='word_1_167' title='bbox 381 2452 458 2496; x_wconf 89' lang='lat' dir='ltr'>erunt</span> <span class='ocrx_word' id='word_1_168' title='bbox 469 2446 527 2497; x_wconf 77' lang='lat' dir='ltr'>resi</span> 
     </span>
    </p>

    <p class='ocr_par' dir='ltr' id='par_1_23' title="bbox 111 2514 545 2569">
     <span class='ocr_line' id='line_1_33' title="bbox 111 2514 545 2569; baseline 0.005 -6"><span class='ocrx_word' id='word_1_169' title='bbox 111 2516 190 2567; x_wconf 74' lang='lat' dir='ltr'>›sthuc</span> <span class='ocrx_word' id='word_1_170' title='bbox 203 2515 315 2566; x_wconf 88' lang='lat' dir='ltr'>inimicis</span> <span class='ocrx_word' id='word_1_171' title='bbox 327 2516 408 2569; x_wconf 85' lang='lat' dir='ltr'>risus!</span> <span class='ocrx_word' id='word_1_172' title='bbox 447 2514 545 2566; x_wconf 81' lang='lat' dir='ltr'>Utcrne</span> 
     </span>
    </p>

    <p class='ocr_par' dir='ltr' id='par_1_24' title="bbox 111 2582 552 2653">
     <span class='ocr_line' id='line_1_34' title="bbox 111 2582 552 2653; baseline 0.005 -19"><span class='ocrx_word' id='word_1_173' title='bbox 111 2586 159 2636; x_wconf 76' lang='lat' dir='ltr'>sios</span> <span class='ocrx_word' id='word_1_174' title='bbox 171 2585 235 2635; x_wconf 90' lang='lat' dir='ltr'>fidet</span> <span class='ocrx_word' id='word_1_175' title='bbox 248 2583 296 2634; x_wconf 88' lang='lat' dir='ltr'>sibi</span> <span class='ocrx_word' id='word_1_176' title='bbox 309 2583 422 2636; x_wconf 64' lang='lat' dir='ltr'>certius?</span> <span class='ocrx_word' id='word_1_177' title='bbox 441 2582 492 2649; x_wconf 91' lang='lat' dir='ltr'>hic,</span> <span class='ocrx_word' id='word_1_178' title='bbox 504 2585 552 2653; x_wconf 86' lang='lat' dir='ltr'>qui</span> 
     </span>
    </p>

    <p class='ocr_par' dir='ltr' id='par_1_25' title="bbox 111 2650 619 2719">
     <span class='ocr_line' id='line_1_35' title="bbox 111 2650 619 2719; baseline -0.006 -15"><span class='ocrx_word' id='word_1_179' title='bbox 111 2655 177 2704; x_wconf 85' lang='lat' dir='ltr'>uerit</span> <span class='ocrx_word' id='word_1_180' title='bbox 189 2662 304 2703; x_wconf 88' lang='lat' dir='ltr'>mentem</span> <span class='ocrx_word' id='word_1_181' title='bbox 316 2669 458 2719; x_wconf 87' lang='lat' dir='ltr'>corpusque</span> <span class='ocrx_word' id='word_1_182' title='bbox 470 2650 619 2718; x_wconf 82' lang='lat' dir='ltr'>superbum3</span> 
     </span>
    </p>

    <p class='ocr_par' dir='ltr' id='par_1_26' title="bbox 111 2720 725 2791">
     <span class='ocr_line' id='line_1_36' title="bbox 111 2720 725 2791; baseline 0.002 -22"><span class='ocrx_word' id='word_1_183' title='bbox 111 2724 185 2769; x_wconf 84' lang='lat' dir='ltr'>entus</span> <span class='ocrx_word' id='word_1_184' title='bbox 194 2736 277 2787; x_wconf 80' lang='lat' dir='ltr'>parvo</span> <span class='ocrx_word' id='word_1_185' title='bbox 289 2726 466 2791; x_wconf 78' lang='lat' dir='ltr'>metuensque</span> <span class='ocrx_word' id='word_1_186' title='bbox 475 2720 576 2788; x_wconf 72' lang='lat' dir='ltr'>tutori,</span> <span class='ocrx_word' id='word_1_187' title='bbox 667 2720 725 2770; x_wconf 56' lang='lat' dir='ltr'>m</span> 
     </span>
    </p>
   </div>
   <div class='ocr_carea' id='block_1_3' title="bbox 111 2788 548 2923">
    <p class='ocr_par' dir='ltr' id='par_1_27' title="bbox 111 2788 548 2923">
     <span class='ocr_line' id='line_1_37' title="bbox 111 2788 548 2863; baseline 0.034 -26"><span class='ocrx_word' id='word_1_188' title='bbox 111 2788 203 2857; x_wconf 69' lang='lat' dir='ltr'>spiens,</span> <span class='ocrx_word' id='word_1_189' title='bbox 217 2793 322 2863; x_wconf 83' lang='lat' dir='ltr'>aptarit</span> <span class='ocrx_word' id='word_1_190' title='bbox 335 2794 437 2849; x_wconf 79' lang='lat' dir='ltr'>idonea</span> <span class='ocrx_word' id='word_1_191' title='bbox 446 2793 548 2852; x_wconf 63' lang='lat' dir='ltr'>bebot</span> 
     </span>
     <span class='ocr_line' id='line_1_38' title="bbox 298 2882 323 2923; baseline 0 0"><span class='ocrx_word' id='word_1_192' title='bbox 298 2882 323 2923; x_wconf 74' lang='lat' dir='ltr'>M</span> 
     </span>
    </p>
   </div>
   <div class='ocr_carea' id='block_1_4' title="bbox 0 0 1086 3309">
    <p class='ocr_par' dir='ltr' id='par_1_28' title="bbox 0 0 1086 3309">
     <span class='ocr_line' id='line_1_39' title="bbox 0 0 1086 3309; baseline 0 0"><span class='ocrx_word' id='word_1_193' title='bbox 0 0 1086 3309; x_wconf 95' lang='lat' dir='ltr'> </span> 
     </span>
    </p>
   </div>
  </div>
 </body>
</html>
