2159 3309
239 307 289 360 162
550 301 706 355 nolimu

237 401 294 463 Quo
306 401 388 466 moesis
401 400 442 451 his
454 400 550 452 credas.
564 419 628 467 puer
640 402 711 453 hunc
723 419 771 468 eqo
784 419 881 470 parvus
892 400 996 456 Ofellam·

237 469 350 536 Integris
362 470 453 537 opibus
466 471 527 520 nori
539 488 590 520 uun
604 470 683 522 letius
696 489 772 522 usum

237 539 321 600 Quam
334 556 404 589 nunc
416 540 513 590 accisis.
551 539 645 590 l'idens
658 555 756 591 metato
768 541 797 591 in
808 540 894 608 agello

236 607 300 657 Cum
313 625 404 674 pecore
415 621 442 658 et
454 608 541 673 gnatis
554 608 647 659 fortem
659 609 777 660 mercede
790 609 916 672 colonum,

236 675 251 700 ‘⁴
259 676 318 726 Non
331 675 402 740 eqo?
415 691 574 732 nemimem.
587 679 709 728 “temere
722 677 765 728 edi
778 677 839 730 luce
851 678 959 747 mosoth

236 743 386 810 Quidquam
398 756 494 810 preter
505 743 562 794 olus
575 744 682 794 sumosae
695 760 756 793 cum
769 745 835 810 pede
848 761 938 812 perne.

236 817 274 863 Ac
286 812 352 862 mihi
364 829 409 862 seu
421 812 529 878 longum
540 825 599 879 post
616 823 719 879 tempus
732 823 840 864 venerat
854 812 948 882 hospes,

236 879 297 931 Sive
307 897 414 947 operum
425 898 508 932 vacuo
519 894 610 948 grurus
622 881 731 931 conrim
743 898 790 947 per
802 881 912 934 imbrem

236 949 353 1010 Vicinus,
364 949 430 1000 bene
441 963 498 1000 erat
510 967 562 1000 non
574 949 687 1017 piscibus
700 948 764 999 urbe
777 951 876 1017 petitis,
964 951 996 1000 lu

235 1017 286 1069 Sed
299 1017 370 1085 pullo
382 1028 461 1085 atque
473 1019 561 1080 hu=do;
580 1027 637 1069 tum
650 1018 756 1085 pensilis
768 1035 822 1070 ura
834 1018 956 1072 munde·

235 1086 271 1137 Et
283 1104 339 1137 nux
350 1086 460 1138 ornabat
471 1105 573 1138 mensas
585 1104 645 1137 cum
657 1086 762 1154 duplice
774 1087 842 1140 ficu:

235 1154 298 1206 Post
310 1157 359 1207 hoc
370 1155 449 1206 ludus
461 1165 517 1207 erat
529 1156 606 1223 culpa
618 1163 708 1223 potare
720 1157 848 1222 magistre
855 1175 863 1220 ;

235 1225 274 1275 Ac
286 1233 410 1276 venerata
422 1225 503 1290 Ceres,
515 1225 554 1275 ita
565 1224 651 1275 culmo
664 1233 782 1290 surgeret
793 1224 857 1293 ulto,

234 1292 372 1361 Explicuit
384 1294 444 1345 vino
457 1303 597 1345 contractae
609 1292 676 1344 seria
688 1293 788 1345 frontis.

235 1360 333 1414 Saeviet
344 1371 423 1482 atque
435 1380 514 1414 noros
525 1369 629 1413 moreat
642 1361 759 1413 Fortuna
770 1362 912 1428 tumultus,
951 1359 995 1430 [ru

236 1430 370 1494 Quantum
399 1432 441 1483 inc
454 1430 608 1482 imminuetl
631 1429 849 1498 Quantoeutego
861 1432 996 1499 percitus!

236 1499 258 1551 0
270 1501 352 1568 pueri,
364 1501 488 1564 nituistis‚
501 1509 532 1551 ut
544 1500 596 1551 huc
607 1516 691 1550 novus
702 1498 788 1551 inooln
801 1500 892 1552 venitl

234 1568 303 1620 Nam
315 1569 442 1637 propriael
455 1568 556 1620 telluris
568 1568 660 1619 herum
672 1575 767 1619 nutura
779 1585 866 1634 neque
876 1567 953 1622 illum

234 1637 290 1689 Nec
301 1655 343 1689 me
355 1654 402 1689 nec
414 1654 571 1705 quemquam
584 1637 690 1688 statuit:
708 1653 754 1688 nos
767 1637 872 1705 expulit
883 1638 947 1702 illes
967 1633 996 1690 ll

235 1706 316 1757 Illum
327 1716 375 1758 eut
386 1707 516 1774 nequities
528 1712 576 1758 eut
587 1706 656 1757 vafri
667 1705 771 1756 inscitia
778 1705 856 1772 juris,

235 1774 399 1827 Postremum
410 1775 525 1843 expellet
537 1783 607 1826 certe
619 1774 733 1825 vivacior
745 1774 825 1826 heres.

234 1844 312 1897 Nunc
324 1861 386 1912 ager
398 1844 523 1896 Umbreni
535 1842 584 1895 sub
596 1843 706 1906 nominc,
719 1860 803 1910 nuper
815 1843 922 1896 orella·

233 1912 334 1979 Dictus,
347 1914 397 1965 erit
408 1913 475 1964 nulli
488 1913 615 1981 proprius,
628 1911 673 1962 sed
685 1912 759 1962 cedet
771 1912 800 1962 in
812 1929 891 1964 usum

233 1981 311 2034 Nunc
322 1982 396 2050 mihi,
407 1999 479 2034 nunc
490 1982 545 2034 alii.
581 1981 706 2043 Quocirca
718 1981 799 2032 vivite
811 1981 900 2050 fortes,

233 2049 374 2120 Fortiequo
386 2051 500 2105 advorsis
511 2050 636 2119 opponite
648 2057 753 2117 pectora
764 2048 865 2103 rebus”

525 2216 653 2271 smmi
672 2215 723 2269 111.

234 2326 248 2353 ‘⁸
262 2325 309 2378 Sic
320 2341 379 2377 raro
391 2323 490 2392 scribis,
502 2331 534 2377 ut
547 2331 603 2377 toto
615 2340 669 2374 non
681 2329 775 2391 quater
785 2339 857 2378 tuno

232 2396 412 2450 Membranam
424 2414 521 2466 poscas,
534 2396 689 2463 scriptorum
701 2411 811 2462 qumque
822 2401 947 2460 retexent,

233 2466 320 2518 Iratus
332 2467 388 2530 tibi,
401 2466 470 2534 quod
482 2465 538 2517 riui
551 2464 684 2531 somnique
697 2462 826 2529 benignus

231 2534 277 2586 Nil
289 2535 399 2602 dignum
411 2551 527 2586 sermone
539 2549 623 2584 canas.
660 2531 729 2594 Quid
741 2532 803 2584 lietl
821 2534 870 2584 At'
880 2532 941 2602 ipsit

231 2603 414 2658 Saturnalibus
426 2604 478 2654 huc
489 2601 590 2669 fugisti.
625 2599 729 2652 Sobrius
742 2617 802 2667 ergo

231 2673 281 2728 Dic
294 2673 394 2740 aliquid
406 2672 516 2738 dignum
529 2669 673 2739 promissis:
691 2669 785 2736 incipe.
821 2669 867 2721 Nil
880 2675 924 2723 est

228 2742 377 2814 (lrlpoutur
388 2741 489 2796 frustra
500 2738 603 2794 culum't
615 2738 814 2804 immeritusque
824 2738 924 2791 lnboret

285 2834 406 2877 toppum
512 2831 624 2888 dmm
724 2825 816 2862 ‘tlt-rut
904 2819 959 2861 *m
