2159 3309
214 262 463 319 EPISTOLARUM
484 261 506 312 Ι.
527 264 550 326 6,
570 262 593 313 7,
747 250 797 304 199

112 385 141 420 as
153 367 231 437 pleno
243 366 368 420 tendebat
380 382 485 433 corpore
497 366 607 427 frustra3

112 437 191 489 rstelc
202 436 300 505 procul,
313 436 340 488 Si
354 437 399 501 vis,
413 436 458 501 ait,
471 435 583 501 effugere
596 433 681 488 istinc.

120 523 215 558 cavum
226 510 327 573 repetes
339 511 434 570 artum,
448 521 525 571 quem
536 520 624 554 macra
636 501 737 556 subisti.

112 592 138 643 go
151 575 172 627 si
184 573 324 641 compellor
335 574 456 640 imagine,
470 579 567 624 cuncta
578 572 681 638 resigno
688 590 696 635 3

114 660 208 695 mnum
220 642 303 711 plebis
315 642 393 693 laudo
407 648 481 694 satur
493 641 609 693 altilium
621 657 670 692 nec

113 712 194 765 ivieiis
206 711 323 763 Arabum
335 711 468 762 liberrima
480 716 560 763 muto.

112 781 282 834 uerecundum
294 780 418 845 laudasti,
429 796 528 846 rexque
539 784 666 847 paterque

113 851 127 903 :i
138 867 232 932 cqrcm,
245 866 294 901 nec
305 848 383 900 verbo
395 848 500 916 parcius
512 848 619 900 absens:

112 916 721 1054 similitudinum{tilass2
775 986 810 1038 40
851 986 856 998 ·

113 1063 222 1126 staptus
234 1056 308 1124 equis
321 1055 427 1107 Ithace·
439 1054 518 1119 locus,
530 1061 562 1106 ut
574 1071 659 1121 neque
672 1055 758 1124 planis

114 1134 159 1179 tus
171 1125 263 1194 spatiis
275 1141 323 1177 nec
335 1124 427 1175 multae
439 1124 564 1191 prodigus
575 1123 663 1176 herbae
670 1142 678 1188 ;

114 1237 121 1262 ‚
132 1195 218 1263 magis
230 1198 293 1314 apta
304 1192 355 1245 tibi
366 1200 414 1245 tua
426 1192 495 1244 dona
506 1192 660 1260 relinquam

113 1282 136 1317 m
148 1280 230 1333 parva
260 1268 350 1325 eeent3
367 1262 434 1313 mihi
442 1263 500 1329 jam
512 1279 565 1313 non
576 1262 649 1329 regia
662 1261 752 1329 Roma,

113 1350 198 1386 icuum
210 1331 291 1385 'l'ibur
302 1331 389 1399 placet
401 1337 448 1382 uut
460 1330 565 1383 imbelle
577 1331 725 1384 Tarentum.

113 1420 149 1455 ius
161 1407 189 1455 et
201 1401 276 1454 fortis
288 1401 423 1468 causisque
436 1399 576 1467 Philippus
588 1400 698 1466 agendis

113 1510 114 1518 κ
126 1471 160 1524 ab
172 1470 263 1523 officiis
275 1475 395 1522 octavam
408 1470 511 1521 circiter
523 1469 614 1520 horam

113 1540 175 1593 adit
187 1544 266 1607 atque
278 1538 345 1591 soro
356 1538 469 1590 nimium
482 1537 579 1589 distare
592 1537 699 1589 Carinas

113 1609 206 1674 ‚randis
217 1614 284 1659 natu
296 1608 422 1675 queritur,
435 1607 580 1674 conspexit,
592 1613 623 1658 ut
635 1607 719 1675 aiunt,

113 1696 154 1731 um
166 1676 298 1746 quendam
310 1693 394 1728 vacua
406 1677 516 1727 tonsoris
529 1676 558 1727 in
570 1675 665 1727 umbra
780 1678 815 1730 50

113 1748 137 1801 lo
148 1745 265 1825 proprios
276 1751 434 1813 purgantem
446 1743 542 1797 leniter
553 1760 662 1811 ungues.

113 1812 188 1881 etr1,”
200 1840 235 1850 —
246 1828 311 1880 puer
323 1812 366 1862 hic
378 1828 432 1862 non
444 1812 509 1863 laeva
517 1813 593 1878 jussa
605 1807 723 1877 Philippi

115 1882 177 1936 ebct
187 1910 224 1921 -
236 1879 307 1945 “abi,
321 1896 407 1946 quaere
419 1887 446 1931 et
458 1881 532 1945 refer,
545 1880 615 1932 unde
627 1880 711 1941 domo,
723 1875 791 1945 quis,

115 1953 237 2016 fortunus,
250 1966 302 2017 que
312 1950 346 2000 sit
358 1955 432 2018 patre
445 1966 528 2015 queve
540 1946 675 2015 patr0n0.'’

113 2022 141 2074 it
153 2026 180 2072 et
191 2023 288 2083 narrat,
302 2015 439 2069 Vulteium
450 2016 556 2068 nomine
568 2015 686 2085 Menam,

114 2106 182 2154 nem,
194 2086 268 2139 tenui
281 2103 367 2152 censu,
380 2085 436 2137 sine
448 2085 564 2150 crimine,
576 2091 677 2152 notum,
723 2115 725 2120 ·

113 2174 211 2228 sperare
222 2155 278 2207 loco
290 2161 318 2207 et
330 2172 429 2206 cessare
441 2160 468 2206 et
481 2170 594 2221 querere
606 2159 633 2206 et
645 2154 687 2207 uti

113 2234 193 2279 intem
204 2224 342 2294 parvisque
355 2222 486 2275 sodalibus
499 2228 526 2274 et
538 2222 592 2273 lare
604 2230 676 2276 certe

113 2297 145 2347 lis
157 2299 254 2363 etpost
266 2292 353 2344 decisa
364 2293 470 2359 negotia
483 2292 587 2358 Campe.

113 2363 142 2415 πί
154 2362 219 2413 libet
231 2379 264 2413 ex
277 2362 340 2428 ipso,
353 2359 528 2428 quodcunque
540 2356 621 2408 refers
634 2374 641 2417 ;
659 2355 703 2407 dic
781 2360 816 2409 60

114 2448 181 2484 snam
193 2429 305 2483 veniat.'’
341 2429 401 2481 Non
414 2445 476 2479 sane
490 2425 594 2477 credere
609 2424 693 2489 Mena,

114 2501 118 2552 i
131 2517 218 2553 secum
230 2500 334 2552 tacitus.
371 2497 440 2561 Quid
452 2494 561 2549 multai
585 2495 600 2520 ‘·
610 2493 751 2560 Benigne,'’

113 2569 184 2622 ndet.
207 2569 313 2636 “Neget
321 2567 366 2619 ille
374 2566 473 2618 mihit”
492 2566 508 2596 “
517 2565 605 2631 Negat
613 2563 746 2630 improbus
754 2569 816 2615 cite

114 2639 151 2706 git
163 2644 211 2690 aut
223 2637 336 2690 horret.”
367 2636 504 2689 Vulteium
515 2650 594 2686 mane
604 2632 743 2700 Philippus

114 2706 268 2760 vendentem
282 2710 402 2759 tunicato
416 2715 507 2762 scruta
518 2708 626 2781 pepelle

370 2801 379 2821 ¹
396 2799 482 2841 ithess·
