2159 3309
389 263 600 323 SATIRARUM
619 263 657 316 II.
675 264 700 315 3.
892 256 942 311 171

149 361 271 431 AEgrum
281 380 316 416 ex
327 365 466 432 praecipiti,
477 371 563 417 mater
574 366 657 417 delire
668 365 772 417 nccebit

151 431 189 484 In
201 433 292 499 gelide
302 432 386 484 fixum
397 434 456 502 ripe
467 434 611 502 febrimque
623 435 737 500 reducet,

152 499 251 560 Quone
262 502 332 554 melo
343 509 457 554 mentem
470 504 611 555 concussa?
647 504 750 555 Timore
762 500 891 555 Dcomm'

152 567 227 623 Haee
237 570 306 622 mihi
317 570 465 638 Stertinius,
478 573 626 640 sapientum
638 581 752 635 octavus,
765 572 849 623 emico

152 638 241 693 Arm
251 638 332 706 dedit,
344 640 453 708 posthae
465 658 498 693 ne
510 642 678 709 compellerer
689 641 798 693 inultus.

152 705 264 762 Dixerit
273 709 397 761 insanum
425 709 454 761 ui
465 728 514 777 me,
526 711 636 762 totidem
648 710 738 762 audiet
750 716 830 777 atque

153 775 297 844 Respicere
307 775 398 842 ignoto
408 726 492 828 discet
504 776 645 843 pendentia
658 783 731 844 tergo
741 779 755 802 '²

153 843 172 874 ‘⁸
180 843 276 910 stoice,
287 849 347 913 poet
358 844 484 896 damnum
496 846 532 895 sic
544 845 642 896 vendes
653 846 741 896 omnia
752 844 843 912 pluris,
895 846 946 896 300

154 913 217 978 Qun
225 929 268 966 me
280 913 402 980 stultitia,
414 914 538 981 quoniam
549 930 602 964 non
614 920 654 965 est
665 930 748 980 genus
760 931 851 979 unum,

154 981 279 1036 lnnnire
291 981 391 1051 putee?
425 982 482 1049 Ego
494 998 556 1033 nem
568 981 657 1033 videor
668 982 735 1032 mihi
748 983 851 1033 sanus!¹

155 1051 259 1118 “Quid
271 1067 302 1103 ee
320 1057 352 1103 ut
362 1050 505 1103 abscissum
516 1050 638 1101 menibus
650 1066 733 1117 quum
778 1057 832 1102 rtet
844 1051 934 1119 Agave

155 1119 239 1176 Gneti
250 1069 370 1186 inseiicie
383 1120 434 1171 sibi
445 1126 502 1170 tum
514 1118 613 1169 furiose
624 1119 729 1170 videtur
740 1067 777 1169 iio

155 1189 299 1242 “Stultum
309 1206 352 1241 me
363 1189 454 1254 fateor,
465 1188 545 1239 licent
557 1187 696 1238 concedere
708 1186 783 1250 veris,

154 1261 245 1328 Atque
257 1258 338 1310 etiem
349 1258 472 1309 insenum
484 1274 491 1320 ;
509 1261 615 1307 tentum
627 1255 676 1306 hoc
688 1254 804 1314 edissem.
818 1270 869 1320 quo
881 1270 923 1306 me

124 1370 128 1384 .
154 1326 190 1382 Ε
240 1335 296 1379 tere
325 1333 384 1378 ntes
396 1324 478 1377 enimi
489 1324 555 1376 vitio
565 1323 591 1376 i''
622 1323 739 1389 “Accipe
750 1338 757 1374 :
775 1323 890 1390 primum

155 1344 292 1460 Ediiioes,
303 1343 353 1445 doe
364 1399 412 1459 eet,
424 1392 515 1460 longos
526 1390 646 1457 imiteris,
658 1390 692 1443 ab
703 1390 756 1443 imo

154 1461 200 1518 Ad
210 1478 344 1516 nummum
354 1466 427 1513 tetus
438 1459 539 1513 moduli
550 1459 686 1528 bipedalis,
698 1465 726 1511 et
737 1459 808 1511 idem

155 1531 270 1600 corpore
280 1532 405 1599 majorem
416 1530 485 1582 rides
497 1528 624 1582 Turbonis
636 1529 665 1581 in
677 1529 756 1581 armis
894 1530 946 1580 310

156 1599 288 1671 Spiritum
299 1608 327 1651 et
337 1599 481 1651 incessum:
500 1598 546 1666 qui
558 1598 685 1651 ridiculus
696 1598 783 1650 minue
795 1595 858 1649 illoi

156 1669 202 1724 An
213 1669 387 1738 quodcunque
397 1669 463 1721 fecit
474 1668 611 1730 Mecenee,
624 1676 651 1720 te
663 1684 766 1736 quoque
777 1684 869 1719 verum
880 1671 921 1718 eet

155 1739 274 1794 nantum
285 1737 438 1790 dissimilem
450 1743 477 1790 et
487 1743 564 1790 tento
575 1743 675 1790 certare
686 1735 830 1790 minoremi

113 1807 116 1812 ’
156 1807 282 1862 tenentis
292 1822 363 1859 ranae
374 1806 454 1888 pullis
465 1806 544 1859 vituli
556 1806 622 1875 pede
633 1806 734 1875 pressis,

113 1917 115 1924 .
155 1875 234 1930 Unus
245 1875 292 1927 ubi
303 1875 404 1943 effugit,
415 1876 495 1927 metri
506 1875 636 1939 denarret,
647 1881 679 1927 ut
691 1875 784 1943 ingene

113 1949 115 1962 '
155 1944 253 2000 Bellus
264 1950 387 2013 cognatos
399 1944 504 1998 eliserit
539 1944 590 1996 Ille
602 1961 706 2012 rogere:

155 2011 411 2147 {memmei
418 2007 949 2145 emitteeieeiittd'

157 2147 194 2202 se
204 2143 290 2216 magis
301 2147 422 2210 inflaret3
440 2147 522 2212 ‘Nom
535 2148 557 2199 si
569 2155 596 2199 te
607 2146 724 2215 mperie‚'
737 2146 831 2211 inquit,

156 2217 226 2270 ‘Per
238 2215 305 2269 erie’
334 2217 400 2268 Haec
412 2233 428 2268 a
440 2222 467 2268 te
478 2233 531 2269 non
543 2216 658 2267 muitum
670 2214 771 2267 abludit
784 2215 877 2281 imago,
895 2218 946 2267 320

156 2285 235 2340 Addo
246 2288 369 2366 pe'e‘mate
380 2302 460 2351 nunc,
472 2285 521 2337 hoc
533 2290 580 2350 eet,
592 2285 679 2336 oleum
691 2284 758 2335 adde
770 2285 872 2336 camino
884 2302 892 2346 ;

157 2355 225 2419 Quae
237 2372 260 2406 m
271 2355 330 2423 quis
342 2371 420 2407 senus
431 2354 503 2412 facit.
516 2360 544 2405 et
556 2370 634 2406 sanus
645 2353 724 2406 facies
736 2360 774 2405 tu.

156 2423 219 2476 Non
226 2424 284 2476 dice
293 2423 447 2476 horrendem
454 2422 577 2475 rabiem.”
596 2422 635 2475 “J
635 2440 678 2474 am
690 2421 801 2474 desine.''
820 2421 947 2474 “Cultum

156 2492 287 2560 Maiorem
299 2493 402 2545 ceneu.”
438 2493 567 2557 “Tenem
580 2492 745 2560 Damasippc‚
755 2492 808 2543 tuis
821 2491 871 2543 tc.”

157 2561 260 2614 “Mille
272 2561 427 2629 puellam,
439 2579 580 2629 puerorum
591 2562 664 2613 mille
676 2560 797 2613 imorcs.'’

157 2631 204 2684 “0
215 2631 300 2699 maJor
310 2631 417 2683 tandem
428 2648 526 2698 parces,
539 2632 637 2696 insane,
648 2632 743 2683 minori
755 2630 778 2684 !’¹

372 2715 379 2749 ¹
394 2717 486 2767 tetidem,
495 2730 518 2756 ee
528 2718 611 2764 iussune,
619 2719 649 2756 etc
659 2730 736 2768 magne
