2159 3309
163 286 217 343 202
477 288 633 343 HORATII

269 501 448 557 EPISTOLA
465 501 573 555 X0-sn
587 515 695 553 susensi
709 510 850 551 ssrsrrrre

171 600 260 654 Uns1s
272 607 415 654 amatorem
428 601 543 653 Fuscum
556 601 654 652 salvere
663 601 786 668 jubemus

171 670 251 722 Ruris
263 677 398 734 amatores,
411 670 461 721 hae
473 671 502 721 in
513 688 541 721 re
554 670 653 721 scilicet
667 687 720 721 una

170 738 290 791 Multum
302 738 448 804 dissimiles,
461 747 490 790 at
501 745 589 790 cetera
601 756 675 806 paene
688 738 802 806 gemelli,

170 807 305 860 Fraternis
318 808 411 860 animis
424 807 553 875 quidquid
565 814 646 874 negat
659 807 727 859 alter
738 814 766 859 et
777 807 852 873 alter,

171 876 322 928 Annuimus
335 876 433 944 pariter
446 877 529 928 vetuli
542 876 651 943 notique
663 876 785 929 columbi.

170 944 211 997 Tu
222 945 316 996 nidum
329 962 430 1007 servas;
448 962 496 1012 ego
506 945 587 997 laudo
600 945 667 996 ruris
680 946 778 997 amoeni

171 1012 250 1065 Riros
262 1020 289 1066 et
300 1030 389 1066 musco
401 1014 550 1066 circumlita
562 1031 626 1066 saxa
640 1030 792 1081 nemusque.

172 1081 245 1143 Quid
258 1082 368 1150 quaerisl
405 1083 471 1134 Vivo
484 1088 511 1134 et
523 1100 612 1150 regno,
625 1082 704 1134 simul
716 1083 769 1135 ista
780 1078 875 1150 reliqui,

172 1151 237 1214 oue
249 1169 294 1205 vos
307 1152 341 1203 ad
353 1151 449 1204 eoelum
461 1151 535 1203 fertis
547 1167 651 1203 rumore
664 1152 791 1205 seeundo:

171 1220 262 1290 thue
274 1221 414 1273 sacerdotis
426 1220 556 1286 fugitivus
568 1218 623 1272 liba
634 1237 739 1282 recuso;

172 1288 244 1342 Pane
256 1307 319 1358 egeo
328 1292 385 1358 jam
397 1288 505 1342 mellitis
517 1290 617 1357 potiore
629 1290 765 1357 placentis.

173 1359 267 1412 Vivere
279 1364 380 1411 naturae
393 1358 415 1409 si
428 1358 613 1410 convenienter
625 1364 734 1426 oportet,

173 1427 357 1495 Ponendaeque
370 1427 446 1479 domo
458 1427 599 1494 quaerenda
610 1434 651 1478 est
662 1444 723 1478 area
735 1427 855 1495 primum,

173 1496 310 1549 Novistine
323 1497 410 1548 locum
422 1496 549 1563 potiorem
560 1513 621 1547 rure
632 1496 726 1547 beatol

172 1565 222 1619 Est
233 1566 279 1617 ubi
291 1565 351 1633 plus
363 1570 471 1632 tepeant
484 1564 590 1630 hiemes,
602 1564 647 1616 ubi
659 1564 759 1631 gratior
770 1582 835 1618 aura

173 1634 267 1688 Leniat
280 1641 307 1687 et
318 1634 417 1685 rabiem
430 1633 506 1684 (lanis
519 1639 546 1684 et
558 1640 692 1685 momenta
704 1633 805 1700 Leonis,

174 1704 262 1767 Quum
275 1702 354 1756 semel
366 1702 468 1770 accepit
480 1701 565 1754 Solem
577 1702 737 1754 furibundus
749 1700 873 1755 acutuml

174 1772 223 1825 Est
234 1772 281 1824 ubi
293 1771 402 1823 divellat
415 1788 516 1823 somnos
527 1771 616 1823 minus
628 1771 720 1823 invida
731 1771 812 1824 cural

174 1840 298 1895 Deterius
310 1839 414 1907 Libycis
426 1840 479 1892 olet
491 1846 538 1891 aut
550 1841 619 1892 nitet
631 1840 713 1891 herba
724 1839 841 1908 lapillisl

175 1910 269 1963 Purior
279 1911 309 1962 in
321 1910 385 1962 vicis
398 1925 466 1976 aqua
478 1909 566 1960 tendit
578 1925 699 1975 rumpere
712 1909 857 1977 plumbum,

176 1980 260 2044 Quam
270 1996 327 2048 quae
337 1996 384 2047 per
395 1995 507 2046 pronum
520 1978 635 2045 trepidat
643 1994 704 2029 cum
716 1995 851 2030 murmure
858 1975 914 2029 rivu

175 2048 242 2101 Nem
262 2066 276 2101 e
287 2049 357 2100 inter
369 2048 453 2099 varias
466 2046 585 2098 nutritur
597 2047 663 2098 silva
675 2046 810 2098 columnas

175 2117 232 2171 Lau
251 2123 363 2185 aterque
375 2117 474 2181 domus,
487 2116 578 2183 longos
592 2133 651 2183 quse
664 2116 790 2183 prospicit
803 2131 884 2182 agros.

175 2186 306 2239 Naturam
318 2186 433 2254 expellas
445 2185 527 2249 furca,
542 2191 630 2236 tamen
643 2201 728 2250 usque
740 2190 864 2251 recurret,

175 2255 212 2308 Et
223 2255 293 2308 mala
305 2260 457 2323 perrumpet
468 2254 562 2306 furtim
573 2253 682 2305 fastidia
694 2253 799 2307 victrix.

176 2323 244 2389 Non,
257 2324 303 2393 qui
316 2324 422 2376 Sidonio
434 2322 591 2375 contendere
604 2321 714 2373 callidus
727 2328 797 2374 ostro

176 2393 269 2447 Nescit
282 2393 442 2460 Aquinatem
454 2392 575 2460 potantia
587 2390 685 2442 vellera
696 2389 796 2454 fucum,

177 2462 278 2515 Gentius
291 2462 402 2530 accipiet
414 2461 540 2513 damnum
553 2460 692 2528 propiusve
704 2459 835 2525 medullis,

179 2531 263 2595 Quam
275 2531 321 2600 qui
333 2549 386 2582 non
398 2530 495 2598 poterit
507 2546 568 2581 vero
581 2528 743 2595 distinguere
755 2527 860 2581 falsum

178 2600 262 2664 Quem
274 2618 314 2652 res
326 2600 386 2668 plus
398 2600 479 2650 nimio
493 2597 654 2650 delectavere
667 2596 797 2662 secundm,

176 2669 291 2722 Mutatse
303 2669 431 2739 quatient.
468 2667 496 2719 si
509 2666 572 2734 quid
585 2665 718 2730 mirabere,
731 2683 813 2733 pones

164 2738 283 2795 Inritus.
321 2740 399 2811 Fuge
411 2755 529 2810 magnae,
543 2735 611 2789 licet
621 2734 670 2787 sub
679 2739 875 2813 pauperemcto

151 2806 246 2881 Rege,
256 2818 288 2869 et
299 2831 400 2887 regum
413 2812 476 2869 vita
487 2822 658 2884 praecurrere
667 2818 778 2857 amicos.

909 1212 914 1262 l
