2159 3309
247 309 300 364 164
565 297 719 350 HORATII

247 405 353 458 Caecum
364 403 428 471 agit,
441 403 564 456 insanum
576 402 716 471 Chrysippi
728 403 845 472 porticus
857 406 884 457 et
894 419 950 472 grex

248 476 386 527 Autumat.
422 473 486 524 Ilaec
498 471 615 540 populos,
627 472 683 523 hare
695 489 805 540 magnos
817 473 926 526 formula
935 485 997 540 reget,

248 543 366 610 Excepto
379 542 504 610 sapiente,
516 549 596 593 tenet.
632 541 656 592 N
658 558 710 592 une
722 543 822 622 accipe,
835 559 913 610 quare

248 612 388 680 Desipiant
399 629 487 663 omnes
500 628 573 677 aeque
586 627 616 662 ac
629 617 667 673 tu,
680 609 726 677 qui
739 610 789 662 tila
802 628 897 664 nomen

249 682 345 733 Insano
357 697 472 748 posuere.
507 680 589 732 Velut
601 679 681 745 silvis,
694 677 739 730 ubi
751 680 851 747 passim

249 749 373 802 Palantes
386 766 455 800 error
466 755 536 800 certo
549 749 582 800 de
594 748 700 799 tramite
712 748 797 815 pellit,

250 820 300 870 lllc
310 819 494 884 sinistrorsum,
502 819 546 869 hie
554 817 719 868 dextrorsum
728 815 800 880 abit;
812 835 883 870 unus
892 817 1001 886 utriquet

250 887 336 953 Error,
349 886 392 938 sed
406 887 485 938 variis
496 886 587 938 illudit
618 885 732 947 artibus3
751 886 801 938 hoc
813 893 841 939 te

250 956 330 1008 (lrede
342 955 419 1007 modo
431 957 561 1020 insanum,
573 904 656 1006 nibilo
668 961 700 1006 ut
712 955 858 1040 sapientior
869 955 921 1022 ille,

250 1026 302 1089 Qui
315 1031 341 1077 te
353 1025 461 1089 deridet,
474 1025 586 1076 caudam
598 1023 694 1075 trahat.
731 1023 779 1074 last
790 1041 877 1092 genus
888 1041 966 1076 unum

250 1094 377 1146 Stultitia
389 1094 502 1145 nihilum
513 1092 656 1144 metuenda
668 1092 794 1159 timentis,
809 1099 839 1144 ut
852 1095 932 1162 ignes,

251 1163 289 1216 Ut
301 1180 377 1231 rupes
389 1163 532 1230 fluviosque
545 1162 574 1212 in
586 1161 682 1230 Campo
695 1161 797 1212 obstare
810 1171 949 1229 querutum

250 1233 372 1284 Alterum
384 1239 411 1283 et
423 1232 485 1283 huic
497 1248 590 1282 varum
602 1237 629 1282 et
641 1230 724 1281 nihilo
737 1230 884 1297 sapientius
895 1231 964 1300 igne

249 1297 301 1356 Per
312 1302 411 1353 medios
423 1301 568 1368 fluviosque
580 1299 696 1361 ruentis;
714 1298 810 1350 clamet
822 1300 911 1352 amica

250 1370 345 1434 Mater,
357 1371 467 1422 honesta
479 1387 549 1421 soror
561 1385 620 1420 cum
632 1368 757 1435 cognatis,
770 1373 854 1435 pater,
867 1387 947 1424 uxor:

251 1439 324 1491 “l-lie
336 1438 404 1490 fossa
413 1449 453 1488 est
462 1437 568 1502 ingens!
588 1435 631 1487 hic
640 1453 718 1503 rupes
730 1438 862 1491 maxima!
883 1439 1002 1498 seml'-

249 1505 276 1558 N
277 1523 311 1557 on
323 1505 407 1570 magis
419 1503 532 1555 audierit
545 1519 623 1570 quam
636 1501 727 1554 Fufius
739 1501 825 1554 ebrius
837 1503 910 1570 clim,
992 1501 1002 1554 l

251 1575 339 1637 Quum
351 1573 464 1624 Ilionam
476 1571 595 1637 ademit,
608 1571 723 1622 Catienis
734 1571 807 1622 mille
820 1571 949 1640 ducentis,

250 1643 265 1670 “
274 1643 368 1705 Mater,
381 1646 408 1693 te
420 1639 547 1709 appell0‚’'
560 1639 742 1692 clamantibus.
777 1639 850 1694 Huic
864 1659 913 1712 ego
925 1641 997 1712 vulp

250 1711 339 1764 Errori
351 1710 462 1762 similem
475 1715 601 1761 cunctum
613 1709 728 1760 insanire
739 1708 843 1764 docebo.

250 1780 355 1832 Insanit
367 1785 466 1831 veteres
478 1784 580 1831 statuas
592 1778 767 1845 Damasippus
780 1779 906 1844 emcnd0;

250 1850 358 1916 Integer
369 1855 409 1900 est
420 1848 516 1899 mentis
529 1847 683 1914 Damasippi
695 1847 813 1900 creditor.
825 1849 941 1906 —Estol

250 1919 266 1946 ‘⁴
274 1919 371 1986 Accipe
382 1918 451 1985 quod
463 1934 599 1985 nunquam
611 1916 704 1967 reddas
715 1915 806 1982 mihi‚”
818 1917 841 1969 si
855 1918 905 1970 tibi
918 1919 994 1982 diem.

250 1988 325 2041 Tune
336 1988 445 2039 insanus
457 1986 514 2053 eris,
527 1986 550 2037 si
562 1983 707 2052 acceperisl
725 2001 760 2036 an
773 1987 858 2054 magis
871 2005 964 2056 excors,

251 2057 360 2126 Rajeeta
371 2055 467 2124 praeda,
479 2072 559 2123 quam
571 2071 684 2122 praesens
696 2053 844 2107 Mercurius
856 2057 927 2110 l'ertl

251 2127 340 2178 Scribe
352 2127 441 2178 decem
453 2143 470 2177 a
481 2125 574 2186 Nerio;
592 2139 644 2175 nou
657 2128 697 2174 est
709 2124 785 2176 satis:
803 2125 872 2178 adde
886 2127 976 2180 Cicuta

251 2195 348 2248 Nodosi
360 2195 464 2248 tabulas
477 2199 592 2258 centum,
604 2192 676 2243 mille
688 2191 755 2244 adde
768 2201 888 2248 catenas:
991 2189 1002 2242 l

250 2263 368 2332 Effugiet
379 2272 468 2316 tamen
480 2263 537 2314 haec
550 2262 689 2313 sceleratus
702 2261 808 2314 vincula
821 2261 930 2316 Proteus

252 2334 340 2398 Quum
352 2334 437 2401 rapies
449 2333 477 2384 in
485 2334 531 2400 jus
543 2331 619 2382 malis
631 2330 761 2381 ridentem
772 2331 874 2400 alicnis,

251 2402 334 2455 Ficta
367 2419 388 2467 r,
395 2402 471 2453 modo
478 2401 542 2466 avis,
548 2400 625 2452 modo
635 2416 728 2450 saxum
737 2406 771 2464 et,
779 2417 861 2467 quum
871 2401 945 2462 volat,
953 2395 1002 2452 ttbfl

251 2471 279 2524 si
291 2489 335 2523 ma
345 2487 360 2522 a
370 2488 426 2522 rem
438 2487 527 2538 gerere
539 2468 625 2520 insani
638 2473 683 2528 est,
697 2475 788 2521 contra
800 2469 874 2530 bene,
886 2471 941 2522 sani
948 2487 954 2532 ;

251 2541 374 2592 Putidius
386 2540 470 2591 multo
482 2537 616 2590 cerebrum
628 2542 674 2602 est,
687 2537 752 2588 mihi
765 2539 848 2602 credo,
862 2538 953 2602 Perilli,

251 2609 390 2672 luctantis,
403 2608 473 2676 quod
485 2615 516 2658 tu
529 2623 664 2674 nunquam
675 2605 816 2660 rescribere
828 2609 914 2676 possis

251 2680 350 2732 Audire
362 2686 442 2746 atque
454 2685 543 2744 togam
551 2675 631 2743 jubeo
644 2691 699 2725 com
720 2691 805 2741 «inere,
819 2677 933 2746 quisquis

243 2749 399 2802 Ambitione
410 2745 482 2801 mala
494 2753 543 2800 aut
555 2744 660 2812 argenti
668 2692 754 2810 pailet
763 2761 862 2812 amore,

236 2821 369 2892 Quisquis
379 2819 496 2876 luxuria
508 2817 620 2874 tristive
630 2811 822 2882 superstitione

160 2897 182 2975 l
