2159 3309
466 178 589 209 Doevtuur
600 184 629 209 ur
641 185 725 208 υιωου
733 190 836 224 Jurmw
847 194 907 209 ..m
920 197 936 207 ..

404 261 407 268 ·
466 226 504 278 At
515 243 600 293 neque
612 226 767 277 dedecorant
780 233 826 277 tua
837 226 870 277 de
882 244 908 277 se
916 227 938 292 j1

467 293 586 359 Munera,
616 311 654 346 uae
666 294 751 346 multe
763 295 849 345 dantis
862 311 921 346 cum
933 296 937 345 ζ

467 362 566 415 Dilecti
578 312 626 414 aiii
639 363 766 430 Virgilius
779 364 925 430 Variusque

468 430 524 483 Nec
535 433 620 499 magis
631 432 746 499 expressi
758 432 847 483 vultus
858 449 905 498 per
916 450 935 483 aa

469 499 557 560 Quam
568 518 615 569 per
627 502 694 553 vatis
706 517 771 568 opus
782 517 864 551 mores
876 501 935 551 enin

469 568 603 621 Clarorum
614 575 748 637 apparent
783 568 808 620 N
809 586 838 620 eo
850 586 932 620 sermo

469 637 600 706 Repentes
611 655 657 706 per
669 638 779 689 humum
792 654 870 704 quam
881 654 922 688 res

469 706 657 774 Teucrumque
669 708 735 758 situs
747 712 774 757 et
785 706 894 757 flumina
906 706 932 756 di

468 773 606 826 Montibus
617 776 750 843 impositas
763 784 789 825 et
801 775 910 826 barbara
921 792 932 825 r

470 844 601 912 Auspiciis
613 850 699 895 totum
711 842 829 895 confecta
841 843 929 894 duella

470 912 642 979 Claustraque
653 913 786 963 custodem
798 913 870 980 pacis
881 912 929 962 coh

469 979 505 1033 Et
516 981 684 1033 formidatam
696 981 800 1032 Parthis
812 988 839 1032 te
850 981 930 1049 princi

470 1048 505 1115 si,
510 1055 639 1118 quantum
644 1066 770 1117 cuperem,
776 1066 874 1117 possem
880 1065 929 1115 quo

470 1118 580 1170 Carmen
591 1120 713 1185 majestas
724 1119 817 1185 recipit
828 1124 876 1169 tua
887 1134 928 1168 nec

470 1186 536 1238 Rem
548 1194 650 1238 tentare
661 1187 751 1253 pudor,
764 1204 842 1254 quam
854 1188 921 1237 vires

470 1255 601 1307 sedulitas
612 1263 709 1321 autem,
721 1255 801 1306 stulte
814 1270 891 1321 quem
903 1254 927 1305 di

470 1323 606 1391 Praecipue
618 1341 697 1392 quum
710 1341 737 1375 se
748 1324 862 1375 numeris
874 1341 926 1375 com

470 1391 556 1444 Discit
567 1393 637 1443 enim
649 1393 727 1443 citius
738 1392 909 1459 meminitque
921 1392 925 1442 Ξ

472 1460 546 1523 Quod
559 1461 617 1528 quis
629 1461 737 1527 deridet,
749 1478 828 1528 quam
840 1460 909 1527 quod
921 1478 925 1527 ζ

470 1527 516 1580 Nil
528 1546 613 1581 moror
624 1530 745 1595 officium,
757 1530 826 1597 quod
837 1546 879 1580 me
891 1547 924 1595 gr
