<?xml version="1.0" encoding="UTF-8"?>
<!DOCTYPE html PUBLIC "-//W3C//DTD XHTML 1.0 Transitional//EN"
    "http://www.w3.org/TR/xhtml1/DTD/xhtml1-transitional.dtd">
<html xmlns="http://www.w3.org/1999/xhtml" xml:lang="en" lang="en">
 <head>
  <title>
</title>
<meta http-equiv="Content-Type" content="text/html;charset=utf-8" />
  <meta name='ocr-system' content='tesseract 3.04.00' />
  <meta name='ocr-capabilities' content='ocr_page ocr_carea ocr_par ocr_line ocrx_word'/>
</head>
<body>
  <div class='ocr_page' id='page_1' title='image "./qhoratiiflaccio01flacgoog_0225.png"; bbox 0 0 2159 3309; ppageno 0'>
   <div class='ocr_carea' id='block_1_1' title="bbox 264 242 867 333">
    <p class='ocr_par' dir='ltr' id='par_1_1' title="bbox 264 242 867 333">
     <span class='ocr_line' id='line_1_1' title="bbox 264 242 867 333; baseline -0.008 -3"><span class='ocrx_word' id='word_1_1' title='bbox 264 276 519 329; x_wconf 80' lang='lat' dir='ltr'>srrsromumr</span> <span class='ocrx_word' id='word_1_2' title='bbox 539 275 559 328; x_wconf 92' lang='lat'>1.</span> <span class='ocrx_word' id='word_1_3' title='bbox 580 278 680 333; x_wconf 84' lang='lat'>10,11.</span> <span class='ocrx_word' id='word_1_4' title='bbox 816 242 867 326; x_wconf 76' lang='lat' dir='ltr'>sos</span> 
     </span>
    </p>
   </div>
   <div class='ocr_carea' id='block_1_2' title="bbox 142 368 871 1541">
    <p class='ocr_par' dir='ltr' id='par_1_2' title="bbox 143 368 792 506">
     <span class='ocr_line' id='line_1_2' title="bbox 143 368 792 437; baseline 0.002 -16"><span class='ocrx_word' id='word_1_5' title='bbox 143 385 180 421; x_wconf 84' lang='lat' dir='ltr'>us</span> <span class='ocrx_word' id='word_1_6' title='bbox 193 385 291 436; x_wconf 85' lang='lat' dir='ltr'>equum</span> <span class='ocrx_word' id='word_1_7' title='bbox 303 386 394 437; x_wconf 78' lang='lat' dir='ltr'>pugna</span> <span class='ocrx_word' id='word_1_8' title='bbox 405 368 497 420; x_wconf 89' lang='lat' dir='ltr'>melior</span> <span class='ocrx_word' id='word_1_9' title='bbox 509 369 693 421; x_wconf 89' lang='lat' dir='ltr'>communibus</span> <span class='ocrx_word' id='word_1_10' title='bbox 705 368 792 422; x_wconf 89' lang='lat' dir='ltr'>herbis</span> 
     </span>
     <span class='ocr_line' id='line_1_3' title="bbox 143 437 692 506; baseline 0 -16"><span class='ocrx_word' id='word_1_11' title='bbox 143 438 214 504; x_wconf 79' lang='lat' dir='ltr'>ebat,</span> <span class='ocrx_word' id='word_1_12' title='bbox 227 437 308 489; x_wconf 91' lang='lat' dir='ltr'>donec</span> <span class='ocrx_word' id='word_1_13' title='bbox 320 439 405 489; x_wconf 91' lang='lat' dir='ltr'>minor</span> <span class='ocrx_word' id='word_1_14' title='bbox 417 439 445 489; x_wconf 94' lang='lat' dir='ltr'>in</span> <span class='ocrx_word' id='word_1_15' title='bbox 458 440 601 491; x_wconf 75' lang='lat' dir='ltr'>certamine</span> <span class='ocrx_word' id='word_1_16' title='bbox 614 439 692 506; x_wconf 85' lang='lat' dir='ltr'>longo</span> 
     </span>
    </p>

    <p class='ocr_par' dir='ltr' id='par_1_3' title="bbox 143 507 763 726">
     <span class='ocr_line' id='line_1_4' title="bbox 143 507 733 576; baseline 0 -17"><span class='ocrx_word' id='word_1_17' title='bbox 143 507 242 559; x_wconf 78' lang='lat' dir='ltr'>loravit</span> <span class='ocrx_word' id='word_1_18' title='bbox 254 524 314 575; x_wconf 85' lang='lat' dir='ltr'>opes</span> <span class='ocrx_word' id='word_1_19' title='bbox 327 507 439 558; x_wconf 90' lang='lat' dir='ltr'>hominis</span> <span class='ocrx_word' id='word_1_20' title='bbox 451 508 608 576; x_wconf 85' lang='lat' dir='ltr'><strong>frenumque</strong></span> <span class='ocrx_word' id='word_1_21' title='bbox 619 508 733 575; x_wconf 85' lang='lat' dir='ltr'>recepit;</span> 
     </span>
     <span class='ocr_line' id='line_1_5' title="bbox 143 576 763 645; baseline 0.003 -18"><span class='ocrx_word' id='word_1_22' title='bbox 143 582 286 645; x_wconf 78' lang='lat' dir='ltr'>postquam</span> <span class='ocrx_word' id='word_1_23' title='bbox 298 576 382 628; x_wconf 88' lang='lat' dir='ltr'>victor</span> <span class='ocrx_word' id='word_1_24' title='bbox 393 576 492 628; x_wconf 84' lang='lat' dir='ltr'>violens</span> <span class='ocrx_word' id='word_1_25' title='bbox 504 578 623 628; x_wconf 72' lang='lat' dir='ltr'>discessit</span> <span class='ocrx_word' id='word_1_26' title='bbox 635 576 669 630; x_wconf 81' lang='lat' dir='ltr'>ab</span> <span class='ocrx_word' id='word_1_27' title='bbox 681 579 763 645; x_wconf 86' lang='lat' dir='ltr'>hoste,</span> 
     </span>
     <span class='ocr_line' id='line_1_6' title="bbox 152 645 729 726; baseline 0.007 -31"><span class='ocrx_word' id='word_1_28' title='bbox 152 645 272 726; x_wconf 72' lang='lat' dir='ltr'>equitem</span> <span class='ocrx_word' id='word_1_29' title='bbox 284 645 365 711; x_wconf 89' lang='lat' dir='ltr'>dorso,</span> <span class='ocrx_word' id='word_1_30' title='bbox 379 662 432 696; x_wconf 92' lang='lat' dir='ltr'>non</span> <span class='ocrx_word' id='word_1_31' title='bbox 444 645 550 697; x_wconf 86' lang='lat' dir='ltr'>frenum</span> <span class='ocrx_word' id='word_1_32' title='bbox 562 646 665 714; x_wconf 83' lang='lat' dir='ltr'>depulit</span> <span class='ocrx_word' id='word_1_33' title='bbox 677 664 729 699; x_wconf 89' lang='lat' dir='ltr'>ore.</span> 
     </span>
    </p>

    <p class='ocr_par' dir='ltr' id='par_1_4' title="bbox 143 714 704 784">
     <span class='ocr_line' id='line_1_7' title="bbox 143 714 704 784; baseline 0.004 -19"><span class='ocrx_word' id='word_1_34' title='bbox 143 731 191 782; x_wconf 88' lang='lat' dir='ltr'>qm</span> <span class='ocrx_word' id='word_1_35' title='bbox 204 714 354 782; x_wconf 76' lang='lat' dir='ltr'>pauperiem</span> <span class='ocrx_word' id='word_1_36' title='bbox 367 714 466 767; x_wconf 83' lang='lat' dir='ltr'>veritus</span> <span class='ocrx_word' id='word_1_37' title='bbox 478 716 578 784; x_wconf 89' lang='lat' dir='ltr'>potiore</span> <span class='ocrx_word' id='word_1_38' title='bbox 590 716 704 767; x_wconf 82' lang='lat' dir='ltr'>metallis</span> 
     </span>
    </p>

    <p class='ocr_par' dir='ltr' id='par_1_5' title="bbox 143 782 871 920">
     <span class='ocr_line' id='line_1_8' title="bbox 143 782 871 853; baseline 0.001 -18"><span class='ocrx_word' id='word_1_39' title='bbox 143 788 217 835; x_wconf 75' lang='lat' dir='ltr'>utute</span> <span class='ocrx_word' id='word_1_40' title='bbox 229 788 307 848; x_wconf 79' lang='lat' dir='ltr'>caret,</span> <span class='ocrx_word' id='word_1_41' title='bbox 319 782 456 834; x_wconf 89' lang='lat' dir='ltr'>dominum</span> <span class='ocrx_word' id='word_1_42' title='bbox 468 784 542 835; x_wconf 83' lang='lat' dir='ltr'>vehit</span> <span class='ocrx_word' id='word_1_43' title='bbox 553 784 687 852; x_wconf 88' lang='lat' dir='ltr'>improbus</span> <span class='ocrx_word' id='word_1_44' title='bbox 699 789 778 853; x_wconf 82' lang='lat' dir='ltr'>etque</span> <span class='ocrx_word' id='word_1_45' title='bbox 836 787 871 836; x_wconf 88' lang='lat'>40</span> 
     </span>
     <span class='ocr_line' id='line_1_9' title="bbox 143 852 674 920; baseline 0.004 -17"><span class='ocrx_word' id='word_1_46' title='bbox 143 852 184 904; x_wconf 84' lang='lat' dir='ltr'>iet</span> <span class='ocrx_word' id='word_1_47' title='bbox 197 858 333 917; x_wconf 81' lang='lat' dir='ltr'>aeternum,</span> <span class='ocrx_word' id='word_1_48' title='bbox 346 852 410 919; x_wconf 83' lang='lat' dir='ltr'>quie</span> <span class='ocrx_word' id='word_1_49' title='bbox 422 869 503 920; x_wconf 81' lang='lat' dir='ltr'>parvo</span> <span class='ocrx_word' id='word_1_50' title='bbox 515 854 614 905; x_wconf 78' lang='lat' dir='ltr'>nesciet</span> <span class='ocrx_word' id='word_1_51' title='bbox 627 854 674 906; x_wconf 90' lang='lat' dir='ltr'>uti.</span> 
     </span>
    </p>

    <p class='ocr_par' dir='ltr' id='par_1_6' title="bbox 142 920 711 989">
     <span class='ocr_line' id='line_1_10' title="bbox 142 920 711 989; baseline 0.004 -17"><span class='ocrx_word' id='word_1_52' title='bbox 142 937 197 972; x_wconf 92' lang='lat' dir='ltr'>non</span> <span class='ocrx_word' id='word_1_53' title='bbox 210 920 348 973; x_wconf 88' lang='lat' dir='ltr'>conveniet</span> <span class='ocrx_word' id='word_1_54' title='bbox 361 938 409 972; x_wconf 82' lang='lat' dir='ltr'>sue</span> <span class='ocrx_word' id='word_1_55' title='bbox 420 938 468 987; x_wconf 83' lang='lat' dir='ltr'>res,</span> <span class='ocrx_word' id='word_1_56' title='bbox 481 927 513 973; x_wconf 94' lang='lat' dir='ltr'>ut</span> <span class='ocrx_word' id='word_1_57' title='bbox 525 922 628 974; x_wconf 80' lang='lat' dir='ltr'>calceus</span> <span class='ocrx_word' id='word_1_58' title='bbox 640 922 711 989; x_wconf 88' lang='lat' dir='ltr'>olim,</span> 
     </span>
    </p>

    <p class='ocr_par' dir='ltr' id='par_1_7' title="bbox 143 989 725 1057">
     <span class='ocr_line' id='line_1_11' title="bbox 143 989 725 1057; baseline 0.003 -15"><span class='ocrx_word' id='word_1_59' title='bbox 143 990 190 1042; x_wconf 88' lang='lat' dir='ltr'>ede</span> <span class='ocrx_word' id='word_1_60' title='bbox 201 991 285 1057; x_wconf 78' lang='lat' dir='ltr'>major</span> <span class='ocrx_word' id='word_1_61' title='bbox 296 990 355 1057; x_wconf 87' lang='lat' dir='ltr'>erit,</span> <span class='ocrx_word' id='word_1_62' title='bbox 367 989 508 1056; x_wconf 84' lang='lat' dir='ltr'>subvertet,</span> <span class='ocrx_word' id='word_1_63' title='bbox 520 990 543 1042; x_wconf 87' lang='lat' dir='ltr'>si</span> <span class='ocrx_word' id='word_1_64' title='bbox 554 990 646 1057; x_wconf 88' lang='lat' dir='ltr'>minor,</span> <span class='ocrx_word' id='word_1_65' title='bbox 659 999 725 1045; x_wconf 84' lang='lat' dir='ltr'>uret</span> 
     </span>
    </p>

    <p class='ocr_par' dir='ltr' id='par_1_8' title="bbox 143 1059 656 1127">
     <span class='ocr_line' id='line_1_12' title="bbox 143 1059 656 1127; baseline -0.002 -16"><span class='ocrx_word' id='word_1_66' title='bbox 143 1076 172 1111; x_wconf 92' lang='lat' dir='ltr'>us</span> <span class='ocrx_word' id='word_1_67' title='bbox 184 1065 253 1111; x_wconf 82' lang='lat' dir='ltr'>sorte</span> <span class='ocrx_word' id='word_1_68' title='bbox 264 1065 312 1111; x_wconf 83' lang='lat' dir='ltr'>tua</span> <span class='ocrx_word' id='word_1_69' title='bbox 323 1060 395 1112; x_wconf 81' lang='lat' dir='ltr'>vives</span> <span class='ocrx_word' id='word_1_70' title='bbox 408 1059 546 1127; x_wconf 80' lang='lat' dir='ltr'>sapienter,</span> <span class='ocrx_word' id='word_1_71' title='bbox 559 1059 641 1111; x_wconf 79' lang='lat' dir='ltr'>Aristi</span> <span class='ocrx_word' id='word_1_72' title='bbox 648 1078 656 1123; x_wconf 93' lang='lat'>;</span> 
     </span>
    </p>

    <p class='ocr_par' dir='ltr' id='par_1_9' title="bbox 150 1127 681 1196">
     <span class='ocr_line' id='line_1_13' title="bbox 150 1127 681 1196; baseline 0 -17"><span class='ocrx_word' id='word_1_73' title='bbox 150 1144 193 1179; x_wconf 91' lang='lat' dir='ltr'>me</span> <span class='ocrx_word' id='word_1_74' title='bbox 205 1127 324 1179; x_wconf 89' lang='lat' dir='ltr'>dimittes</span> <span class='ocrx_word' id='word_1_75' title='bbox 336 1128 532 1195; x_wconf 77' lang='lat' dir='ltr'>incastigatum,</span> <span class='ocrx_word' id='word_1_76' title='bbox 545 1128 592 1180; x_wconf 92' lang='lat' dir='ltr'>ubi</span> <span class='ocrx_word' id='word_1_77' title='bbox 603 1128 681 1196; x_wconf 81' lang='lat' dir='ltr'>plura</span> 
     </span>
    </p>

    <p class='ocr_par' dir='ltr' id='par_1_10' title="bbox 143 1196 745 1264">
     <span class='ocr_line' id='line_1_14' title="bbox 143 1196 745 1264; baseline 0 -15"><span class='ocrx_word' id='word_1_78' title='bbox 143 1214 179 1249; x_wconf 70' lang='lat' dir='ltr'>ere</span> <span class='ocrx_word' id='word_1_79' title='bbox 191 1212 271 1264; x_wconf 84' lang='lat' dir='ltr'>quem</span> <span class='ocrx_word' id='word_1_80' title='bbox 282 1198 346 1249; x_wconf 84' lang='lat' dir='ltr'>setis</span> <span class='ocrx_word' id='word_1_81' title='bbox 358 1204 398 1249; x_wconf 89' lang='lat' dir='ltr'>est</span> <span class='ocrx_word' id='word_1_82' title='bbox 410 1214 441 1248; x_wconf 81' lang='lat' dir='ltr'>oc</span> <span class='ocrx_word' id='word_1_83' title='bbox 453 1215 506 1250; x_wconf 91' lang='lat' dir='ltr'>non</span> <span class='ocrx_word' id='word_1_84' title='bbox 518 1214 618 1249; x_wconf 84' lang='lat' dir='ltr'>cessare</span> <span class='ocrx_word' id='word_1_85' title='bbox 630 1196 745 1249; x_wconf 87' lang='lat' dir='ltr'>videbor.</span> 
     </span>
    </p>

    <p class='ocr_par' dir='ltr' id='par_1_11' title="bbox 143 1266 711 1336">
     <span class='ocr_line' id='line_1_15' title="bbox 143 1266 711 1336; baseline -0.002 -18"><span class='ocrx_word' id='word_1_86' title='bbox 143 1270 201 1318; x_wconf 79' lang='lat' dir='ltr'>eret</span> <span class='ocrx_word' id='word_1_87' title='bbox 213 1271 262 1317; x_wconf 84' lang='lat' dir='ltr'>eut</span> <span class='ocrx_word' id='word_1_88' title='bbox 273 1266 354 1319; x_wconf 82' lang='lat' dir='ltr'>servit</span> <span class='ocrx_word' id='word_1_89' title='bbox 365 1266 475 1318; x_wconf 84' lang='lat' dir='ltr'>collecte</span> <span class='ocrx_word' id='word_1_90' title='bbox 487 1266 600 1336; x_wconf 82' lang='lat' dir='ltr'>pecunie</span> <span class='ocrx_word' id='word_1_91' title='bbox 611 1266 711 1333; x_wconf 87' lang='lat' dir='ltr'>cuique,</span> 
     </span>
    </p>

    <p class='ocr_par' dir='ltr' id='par_1_12' title="bbox 143 1334 777 1404">
     <span class='ocr_line' id='line_1_16' title="bbox 143 1334 777 1404; baseline 0.005 -19"><span class='ocrx_word' id='word_1_92' title='bbox 143 1352 191 1386; x_wconf 90' lang='lat' dir='ltr'>um</span> <span class='ocrx_word' id='word_1_93' title='bbox 203 1334 285 1401; x_wconf 79' lang='lat' dir='ltr'>dignu</span> <span class='ocrx_word' id='word_1_94' title='bbox 296 1335 369 1403; x_wconf 88' lang='lat' dir='ltr'>sequi</span> <span class='ocrx_word' id='word_1_95' title='bbox 381 1336 468 1404; x_wconf 89' lang='lat' dir='ltr'>potius</span> <span class='ocrx_word' id='word_1_96' title='bbox 481 1352 561 1403; x_wconf 85' lang='lat' dir='ltr'>quem</span> <span class='ocrx_word' id='word_1_97' title='bbox 573 1335 666 1386; x_wconf 87' lang='lat' dir='ltr'>ducere</span> <span class='ocrx_word' id='word_1_98' title='bbox 678 1335 777 1388; x_wconf 89' lang='lat' dir='ltr'>funem.</span> 
     </span>
    </p>

    <p class='ocr_par' dir='ltr' id='par_1_13' title="bbox 143 1401 754 1472">
     <span class='ocr_line' id='line_1_17' title="bbox 143 1401 754 1472; baseline 0.002 -18"><span class='ocrx_word' id='word_1_99' title='bbox 143 1421 146 1453; x_wconf 85' lang='lat'><em>=</em></span> <span class='ocrx_word' id='word_1_100' title='bbox 159 1401 209 1455; x_wconf 93' lang='lat' dir='ltr'>tibi</span> <span class='ocrx_word' id='word_1_101' title='bbox 222 1402 355 1455; x_wconf 77' lang='lat' dir='ltr'>dictabam</span> <span class='ocrx_word' id='word_1_102' title='bbox 367 1409 426 1472; x_wconf 93' lang='lat' dir='ltr'>post</span> <span class='ocrx_word' id='word_1_103' title='bbox 437 1405 529 1456; x_wconf 81' lang='lat' dir='ltr'>fanum</span> <span class='ocrx_word' id='word_1_104' title='bbox 540 1410 619 1472; x_wconf 89' lang='lat' dir='ltr'>putre</span> <span class='ocrx_word' id='word_1_105' title='bbox 631 1404 754 1471; x_wconf 84' lang='lat' dir='ltr'>Vacunae,</span> 
     </span>
    </p>

    <p class='ocr_par' dir='ltr' id='par_1_14' title="bbox 143 1471 869 1541">
     <span class='ocr_line' id='line_1_18' title="bbox 143 1471 869 1541; baseline 0.004 -18"><span class='ocrx_word' id='word_1_106' title='bbox 143 1479 201 1541; x_wconf 87' lang='lat' dir='ltr'>epto</span> <span class='ocrx_word' id='word_1_107' title='bbox 221 1471 292 1539; x_wconf 89' lang='lat' dir='ltr'>quod</span> <span class='ocrx_word' id='word_1_108' title='bbox 304 1489 358 1524; x_wconf 92' lang='lat' dir='ltr'>non</span> <span class='ocrx_word' id='word_1_109' title='bbox 370 1472 449 1524; x_wconf 86' lang='lat' dir='ltr'>simul</span> <span class='ocrx_word' id='word_1_110' title='bbox 462 1490 535 1541; x_wconf 88' lang='lat' dir='ltr'>esses,</span> <span class='ocrx_word' id='word_1_111' title='bbox 548 1478 635 1526; x_wconf 81' lang='lat' dir='ltr'>cetero</span> <span class='ocrx_word' id='word_1_112' title='bbox 646 1473 731 1526; x_wconf 84' lang='lat' dir='ltr'>laetus.</span> <span class='ocrx_word' id='word_1_113' title='bbox 834 1477 869 1526; x_wconf 75' lang='lat'>50</span> 
     </span>
    </p>
   </div>
   <div class='ocr_carea' id='block_1_3' title="bbox 222 1654 727 1710">
    <p class='ocr_par' dir='ltr' id='par_1_15' title="bbox 222 1654 727 1710">
     <span class='ocr_line' id='line_1_19' title="bbox 222 1654 727 1710; baseline -0.002 -1"><span class='ocrx_word' id='word_1_114' title='bbox 222 1654 400 1710; x_wconf 78' lang='lat' dir='ltr'><strong>EPISTOLA</strong></span> <span class='ocrx_word' id='word_1_115' title='bbox 417 1654 540 1708; x_wconf 80' lang='lat' dir='ltr'>XL-so</span> <span class='ocrx_word' id='word_1_116' title='bbox 555 1668 727 1708; x_wconf 67' lang='lat' dir='ltr'>numericis.</span> 
     </span>
    </p>
   </div>
   <div class='ocr_carea' id='block_1_4' title="bbox 142 1754 866 2446">
    <p class='ocr_par' dir='ltr' id='par_1_16' title="bbox 143 1754 748 1825">
     <span class='ocr_line' id='line_1_20' title="bbox 143 1754 748 1825; baseline 0.002 -17"><span class='ocrx_word' id='word_1_117' title='bbox 143 1772 156 1808; x_wconf 89' lang='lat' dir='ltr'>o</span> <span class='ocrx_word' id='word_1_118' title='bbox 169 1754 220 1811; x_wconf 79' lang='lat' dir='ltr'>tibi</span> <span class='ocrx_word' id='word_1_119' title='bbox 231 1755 289 1808; x_wconf 79' lang='lat' dir='ltr'>vise</span> <span class='ocrx_word' id='word_1_120' title='bbox 301 1756 386 1824; x_wconf 78' lang='lat' dir='ltr'>Chios,</span> <span class='ocrx_word' id='word_1_121' title='bbox 398 1756 506 1823; x_wconf 77' lang='lat' dir='ltr'>Bullati,</span> <span class='ocrx_word' id='word_1_122' title='bbox 519 1762 634 1825; x_wconf 76' lang='lat' dir='ltr'>notaque</span> <span class='ocrx_word' id='word_1_123' title='bbox 646 1756 748 1823; x_wconf 79' lang='lat' dir='ltr'>Lesbos,</span> 
     </span>
    </p>

    <p class='ocr_par' dir='ltr' id='par_1_17' title="bbox 143 1825 771 1893">
     <span class='ocr_line' id='line_1_21' title="bbox 143 1825 771 1893; baseline -0.002 -16"><span class='ocrx_word' id='word_1_124' title='bbox 143 1826 151 1877; x_wconf 95' lang='grc'><strong>1</strong></span> <span class='ocrx_word' id='word_1_125' title='bbox 164 1826 292 1877; x_wconf 77' lang='lat' dir='ltr'>concinne</span> <span class='ocrx_word' id='word_1_126' title='bbox 305 1825 402 1892; x_wconf 82' lang='lat' dir='ltr'>Samos,</span> <span class='ocrx_word' id='word_1_127' title='bbox 415 1825 478 1893; x_wconf 90' lang='lat' dir='ltr'>quid</span> <span class='ocrx_word' id='word_1_128' title='bbox 492 1826 572 1877; x_wconf 81' lang='lat' dir='ltr'>Croesi</span> <span class='ocrx_word' id='word_1_129' title='bbox 584 1827 663 1893; x_wconf 82' lang='lat' dir='ltr'>regis,</span> <span class='ocrx_word' id='word_1_130' title='bbox 676 1826 771 1891; x_wconf 81' lang='lat' dir='ltr'>Sardis,</span> 
     </span>
    </p>

    <p class='ocr_par' dir='ltr' id='par_1_18' title="bbox 143 1893 857 2240">
     <span class='ocr_line' id='line_1_22' title="bbox 143 1893 857 1963; baseline 0.001 -16"><span class='ocrx_word' id='word_1_131' title='bbox 143 1912 194 1947; x_wconf 82' lang='lat' dir='ltr'>rna</span> <span class='ocrx_word' id='word_1_132' title='bbox 206 1893 270 1963; x_wconf 91' lang='lat' dir='ltr'>quid</span> <span class='ocrx_word' id='word_1_133' title='bbox 282 1899 310 1946; x_wconf 91' lang='lat' dir='ltr'>et</span> <span class='ocrx_word' id='word_1_134' title='bbox 322 1894 472 1962; x_wconf 77' lang='lat' dir='ltr'>Colophonl</span> <span class='ocrx_word' id='word_1_135' title='bbox 507 1894 610 1962; x_wconf 79' lang='lat' dir='ltr'>Majors</span> <span class='ocrx_word' id='word_1_136' title='bbox 621 1896 755 1947; x_wconf 74' lang='lat' dir='ltr'>minoi-ene</span> <span class='ocrx_word' id='word_1_137' title='bbox 767 1894 857 1948; x_wconf 77' lang='lat' dir='ltr'>famul</span> 
     </span>
     <span class='ocr_line' id='line_1_23' title="bbox 143 1962 821 2031; baseline 0 -16"><span class='ocrx_word' id='word_1_138' title='bbox 143 1971 218 2015; x_wconf 80' lang='lat' dir='ltr'>etune</span> <span class='ocrx_word' id='word_1_139' title='bbox 230 1980 284 2031; x_wconf 83' lang='lat' dir='ltr'>prae</span> <span class='ocrx_word' id='word_1_140' title='bbox 297 1963 394 2030; x_wconf 78' lang='lat' dir='ltr'>Campo</span> <span class='ocrx_word' id='word_1_141' title='bbox 406 1968 433 2013; x_wconf 86' lang='lat' dir='ltr'>et</span> <span class='ocrx_word' id='word_1_142' title='bbox 445 1962 566 2016; x_wconf 79' lang='lat' dir='ltr'>Tiberino</span> <span class='ocrx_word' id='word_1_143' title='bbox 578 1964 686 2016; x_wconf 86' lang='lat' dir='ltr'>flumine</span> <span class='ocrx_word' id='word_1_144' title='bbox 699 1964 821 2015; x_wconf 85' lang='lat' dir='ltr'>sordentl</span> 
     </span>
     <span class='ocr_line' id='line_1_24' title="bbox 143 2032 728 2098; baseline 0 -14"><span class='ocrx_word' id='word_1_145' title='bbox 143 2032 210 2084; x_wconf 82' lang='lat' dir='ltr'>senit</span> <span class='ocrx_word' id='word_1_146' title='bbox 222 2032 250 2084; x_wconf 93' lang='lat' dir='ltr'>in</span> <span class='ocrx_word' id='word_1_147' title='bbox 262 2038 354 2083; x_wconf 79' lang='lat' dir='ltr'>votum</span> <span class='ocrx_word' id='word_1_148' title='bbox 367 2032 489 2083; x_wconf 80' lang='lat' dir='ltr'>Attalicis</span> <span class='ocrx_word' id='word_1_149' title='bbox 502 2050 535 2083; x_wconf 88' lang='lat' dir='ltr'>ex</span> <span class='ocrx_word' id='word_1_150' title='bbox 547 2033 655 2084; x_wconf 86' lang='lat' dir='ltr'>urbibus</span> <span class='ocrx_word' id='word_1_151' title='bbox 667 2051 728 2098; x_wconf 80' lang='lat' dir='ltr'>uns,</span> 
     </span>
     <span class='ocr_line' id='line_1_25' title="bbox 143 2100 759 2168; baseline 0.002 -15"><span class='ocrx_word' id='word_1_152' title='bbox 143 2101 268 2153; x_wconf 78' lang='lat' dir='ltr'>lebedum</span> <span class='ocrx_word' id='word_1_153' title='bbox 281 2100 372 2153; x_wconf 80' lang='lat' dir='ltr'>laudas</span> <span class='ocrx_word' id='word_1_154' title='bbox 384 2100 442 2152; x_wconf 93' lang='lat' dir='ltr'>odio</span> <span class='ocrx_word' id='word_1_155' title='bbox 454 2102 534 2153; x_wconf 81' lang='lat' dir='ltr'>muris</span> <span class='ocrx_word' id='word_1_156' title='bbox 546 2108 627 2168; x_wconf 83' lang='lat' dir='ltr'>etque</span> <span class='ocrx_word' id='word_1_157' title='bbox 639 2101 759 2155; x_wconf 83' lang='lat' dir='ltr'>viaruml</span> 
     </span>
     <span class='ocr_line' id='line_1_26' title="bbox 155 2169 747 2240; baseline 0 -17"><span class='ocrx_word' id='word_1_158' title='bbox 155 2169 273 2223; x_wconf 81' lang='lat' dir='ltr'>Lebedus</span> <span class='ocrx_word' id='word_1_159' title='bbox 286 2169 351 2237; x_wconf 90' lang='lat' dir='ltr'>quid</span> <span class='ocrx_word' id='word_1_160' title='bbox 364 2170 412 2233; x_wconf 86' lang='lat' dir='ltr'>sit;</span> <span class='ocrx_word' id='word_1_161' title='bbox 431 2169 519 2222; x_wconf 77' lang='lat' dir='ltr'>Gabiis</span> <span class='ocrx_word' id='word_1_162' title='bbox 531 2169 656 2223; x_wconf 89' lang='lat' dir='ltr'>desertior</span> <span class='ocrx_word' id='word_1_163' title='bbox 667 2178 747 2240; x_wconf 84' lang='lat' dir='ltr'>etque</span> 
     </span>
    </p>

    <p class='ocr_par' dir='ltr' id='par_1_19' title="bbox 143 2239 670 2303">
     <span class='ocr_line' id='line_1_27' title="bbox 143 2239 670 2303; baseline 0.006 -14"><span class='ocrx_word' id='word_1_164' title='bbox 143 2239 188 2291; x_wconf 58' lang='lat' dir='ltr'>inis</span> <span class='ocrx_word' id='word_1_165' title='bbox 200 2240 288 2303; x_wconf 81' lang='lat' dir='ltr'>vicus3</span> <span class='ocrx_word' id='word_1_166' title='bbox 307 2245 395 2291; x_wconf 90' lang='lat' dir='ltr'>temen</span> <span class='ocrx_word' id='word_1_167' title='bbox 408 2239 463 2291; x_wconf 88' lang='lat' dir='ltr'>illic</span> <span class='ocrx_word' id='word_1_168' title='bbox 471 2239 563 2291; x_wconf 74' lang='lat' dir='ltr'>vivere</span> <span class='ocrx_word' id='word_1_169' title='bbox 574 2240 670 2292; x_wconf 79' lang='lat' dir='ltr'>vellem</span> 
     </span>
    </p>

    <p class='ocr_par' dir='ltr' id='par_1_20' title="bbox 142 2308 676 2375">
     <span class='ocr_line' id='line_1_28' title="bbox 142 2308 676 2375; baseline 0.002 -15"><span class='ocrx_word' id='word_1_170' title='bbox 142 2313 237 2375; x_wconf 80' lang='lat' dir='ltr'>tueque</span> <span class='ocrx_word' id='word_1_171' title='bbox 249 2326 366 2361; x_wconf 88' lang='lat' dir='ltr'>meorum</span> <span class='ocrx_word' id='word_1_172' title='bbox 378 2308 571 2361; x_wconf 82' lang='lat' dir='ltr'>obliviscendus</span> <span class='ocrx_word' id='word_1_173' title='bbox 583 2316 611 2360; x_wconf 89' lang='lat' dir='ltr'>et</span> <span class='ocrx_word' id='word_1_174' title='bbox 623 2310 676 2361; x_wconf 92' lang='lat' dir='ltr'>illis</span> 
     </span>
    </p>

    <p class='ocr_par' dir='ltr' id='par_1_21' title="bbox 143 2377 866 2446">
     <span class='ocr_line' id='line_1_29' title="bbox 143 2377 866 2446; baseline 0 -16"><span class='ocrx_word' id='word_1_175' title='bbox 143 2385 237 2430; x_wconf 81' lang='lat' dir='ltr'>lunum</span> <span class='ocrx_word' id='word_1_176' title='bbox 248 2377 338 2446; x_wconf 86' lang='lat' dir='ltr'>procul</span> <span class='ocrx_word' id='word_1_177' title='bbox 351 2384 447 2430; x_wconf 74' lang='lat' dir='ltr'>eterra</span> <span class='ocrx_word' id='word_1_178' title='bbox 460 2387 577 2445; x_wconf 84' lang='lat' dir='ltr'>spectare</span> <span class='ocrx_word' id='word_1_179' title='bbox 588 2378 727 2433; x_wconf 86' lang='lat' dir='ltr'>furentem</span> <span class='ocrx_word' id='word_1_180' title='bbox 833 2380 866 2431; x_wconf 89' lang='lat'>10</span> 
     </span>
    </p>
   </div>
   <div class='ocr_carea' id='block_1_5' title="bbox 143 2447 824 2867">
    <p class='ocr_par' dir='ltr' id='par_1_22' title="bbox 143 2447 824 2587">
     <span class='ocr_line' id='line_1_30' title="bbox 144 2447 824 2517; baseline 0.006 -20"><span class='ocrx_word' id='word_1_181' title='bbox 144 2463 236 2515; x_wconf 87' lang='lat' dir='ltr'>neque,</span> <span class='ocrx_word' id='word_1_182' title='bbox 249 2447 295 2516; x_wconf 91' lang='lat' dir='ltr'>qui</span> <span class='ocrx_word' id='word_1_183' title='bbox 307 2447 397 2515; x_wconf 72' lang='lat' dir='ltr'>(lepus</span> <span class='ocrx_word' id='word_1_184' title='bbox 410 2447 520 2500; x_wconf 79' lang='lat' dir='ltr'>Romam</span> <span class='ocrx_word' id='word_1_185' title='bbox 531 2448 608 2516; x_wconf 87' lang='lat' dir='ltr'>petit,</span> <span class='ocrx_word' id='word_1_186' title='bbox 621 2448 703 2500; x_wconf 90' lang='lat' dir='ltr'>imbre</span> <span class='ocrx_word' id='word_1_187' title='bbox 715 2448 824 2517; x_wconf 83' lang='lat' dir='ltr'>lutoque</span> 
     </span>
     <span class='ocr_line' id='line_1_31' title="bbox 143 2516 724 2587; baseline 0.005 -20"><span class='ocrx_word' id='word_1_188' title='bbox 143 2532 227 2583; x_wconf 77' lang='lat' dir='ltr'>persus</span> <span class='ocrx_word' id='word_1_189' title='bbox 239 2516 309 2569; x_wconf 88' lang='lat' dir='ltr'>volet</span> <span class='ocrx_word' id='word_1_190' title='bbox 320 2517 349 2567; x_wconf 94' lang='lat' dir='ltr'>in</span> <span class='ocrx_word' id='word_1_191' title='bbox 361 2533 479 2585; x_wconf 80' lang='lat' dir='ltr'>caupone</span> <span class='ocrx_word' id='word_1_192' title='bbox 491 2517 592 2579; x_wconf 79' lang='lat' dir='ltr'>vivere3</span> <span class='ocrx_word' id='word_1_193' title='bbox 609 2534 664 2584; x_wconf 86' lang='lat' dir='ltr'>nec,</span> <span class='ocrx_word' id='word_1_194' title='bbox 677 2518 724 2587; x_wconf 91' lang='lat' dir='ltr'>qui</span> 
     </span>
    </p>

    <p class='ocr_par' dir='ltr' id='par_1_23' title="bbox 143 2583 656 2653">
     <span class='ocr_line' id='line_1_32' title="bbox 143 2583 656 2653; baseline 0.008 -18"><span class='ocrx_word' id='word_1_195' title='bbox 143 2601 177 2635; x_wconf 88' lang='lat' dir='ltr'>us</span> <span class='ocrx_word' id='word_1_196' title='bbox 188 2583 302 2653; x_wconf 77' lang='lat' dir='ltr'>collegit,</span> <span class='ocrx_word' id='word_1_197' title='bbox 314 2585 405 2637; x_wconf 88' lang='lat' dir='ltr'>furnos</span> <span class='ocrx_word' id='word_1_198' title='bbox 418 2592 445 2637; x_wconf 88' lang='lat' dir='ltr'>et</span> <span class='ocrx_word' id='word_1_199' title='bbox 457 2584 551 2637; x_wconf 77' lang='lat' dir='ltr'>balnea</span> <span class='ocrx_word' id='word_1_200' title='bbox 563 2586 656 2639; x_wconf 79' lang='lat' dir='ltr'>laudnt</span> 
     </span>
    </p>

    <p class='ocr_par' dir='ltr' id='par_1_24' title="bbox 143 2654 651 2723">
     <span class='ocr_line' id='line_1_33' title="bbox 143 2654 651 2723; baseline 0.004 -18"><span class='ocrx_word' id='word_1_201' title='bbox 143 2655 294 2705; x_wconf 80' lang='lat' dir='ltr'>ortumtsm</span> <span class='ocrx_word' id='word_1_202' title='bbox 305 2654 383 2722; x_wconf 89' lang='lat' dir='ltr'>plene</span> <span class='ocrx_word' id='word_1_203' title='bbox 394 2657 549 2723; x_wconf 77' lang='lat' dir='ltr'>praestantis</span> <span class='ocrx_word' id='word_1_204' title='bbox 561 2657 651 2707; x_wconf 85' lang='lat' dir='ltr'>vitem</span> 
     </span>
    </p>

    <p class='ocr_par' dir='ltr' id='par_1_25' title="bbox 150 2721 721 2790">
     <span class='ocr_line' id='line_1_34' title="bbox 150 2721 721 2790; baseline 0.016 -21"><span class='ocrx_word' id='word_1_205' title='bbox 150 2721 176 2769; x_wconf 88' lang='lat' dir='ltr'>si</span> <span class='ocrx_word' id='word_1_206' title='bbox 187 2726 215 2770; x_wconf 86' lang='lat' dir='ltr'>te</span> <span class='ocrx_word' id='word_1_207' title='bbox 228 2722 331 2774; x_wconf 78' lang='lat' dir='ltr'>salidus</span> <span class='ocrx_word' id='word_1_208' title='bbox 337 2724 486 2790; x_wconf 76' lang='lat' dir='ltr'>jactaverit</span> <span class='ocrx_word' id='word_1_209' title='bbox 500 2726 599 2780; x_wconf 82' lang='lat' dir='ltr'>Auster</span> <span class='ocrx_word' id='word_1_210' title='bbox 610 2725 643 2779; x_wconf 79' lang='lat' dir='ltr'>in</span> <span class='ocrx_word' id='word_1_211' title='bbox 652 2725 721 2790; x_wconf 62' lang='lat' dir='ltr'>ulte,</span> 
     </span>
    </p>

    <p class='ocr_par' dir='ltr' id='par_1_26' title="bbox 143 2795 739 2867">
     <span class='ocr_line' id='line_1_35' title="bbox 143 2795 739 2867; baseline 0.02 -29"><span class='ocrx_word' id='word_1_212' title='bbox 143 2800 167 2834; x_wconf 68' lang='grc' dir='ltr'>κ)</span> <span class='ocrx_word' id='word_1_213' title='bbox 177 2802 278 2841; x_wconf 75' lang='lat' dir='ltr'>nerem</span> <span class='ocrx_word' id='word_1_214' title='bbox 293 2798 371 2848; x_wconf 74' lang='lat' dir='ltr'>trans</span> <span class='ocrx_word' id='word_1_215' title='bbox 383 2795 520 2867; x_wconf 80' lang='lat' dir='ltr'>AEgaeum</span> <span class='ocrx_word' id='word_1_216' title='bbox 530 2817 612 2854; x_wconf 79' lang='lat' dir='ltr'>mene</span> <span class='ocrx_word' id='word_1_217' title='bbox 620 2796 739 2852; x_wconf 68' lang='lat' dir='ltr'>tendes.</span> 
     </span>
    </p>
   </div>
   <div class='ocr_carea' id='block_1_6' title="bbox 0 0 1084 3309">
    <p class='ocr_par' dir='ltr' id='par_1_27' title="bbox 0 0 1084 3309">
     <span class='ocr_line' id='line_1_36' title="bbox 0 0 1084 3309; baseline 0 0"><span class='ocrx_word' id='word_1_218' title='bbox 0 0 1084 3309; x_wconf 95' lang='lat' dir='ltr'> </span> 
     </span>
    </p>
   </div>
  </div>
 </body>
</html>
