2159 3309
162 287 214 343 166
473 287 631 342 HORATII

160 381 235 434 Mille
248 382 326 443 cadis,
339 382 406 433 nihil
420 386 466 448 est,
478 388 627 434 tercentum
639 383 756 452 milibus,
769 403 822 439 acre

161 452 238 504 Petet
251 458 354 503 acetum
361 471 368 515 ;
387 469 442 518 age,
456 451 476 502 si
489 459 516 503 et
528 453 680 504 stramentis
693 454 806 523 incubet,
817 452 880 506 unde·

160 522 294 588 octoginta
306 538 387 572 annos
399 528 485 585 uatus,
495 521 539 572 cui
552 522 670 588 stragula
683 523 770 588 vestis,

160 590 311 642 Blattarum
322 607 353 641 ac
365 590 495 641 tinearum
508 590 601 657 epuloe,
613 598 749 657 putrescat
761 592 788 644 in
800 609 861 646 mea:

160 658 293 711 Nimirum
305 659 412 710 insanus
424 659 514 726 paucis
527 658 656 726 videatur,
668 677 699 712 ee
712 661 783 728 qued
878 657 906 710 la

161 727 283 780 Maxima
295 745 354 795 pars
367 728 502 779 hominum
514 726 603 779 morbo
612 729 733 794 jactatur
745 730 834 783 eedem

161 795 244 849 Filius
257 805 304 848 aut
316 796 395 847 ctiam
408 797 464 847 haee
476 796 585 847 libertus
597 805 629 848 ut
641 797 731 850 ebibat
743 799 821 866 heres,
906 825 909 890 q

161 865 212 918 Dis
224 866 329 917 inimice
342 883 428 932 senex,
440 865 573 917 custodial
592 866 632 917 Ne
644 867 695 919 tibi
708 868 793 920 desitl

162 935 326 997 Quantulum
339 935 408 985 enim
421 951 526 986 summae
539 934 655 987 curtabit
667 937 779 1005 quisque
791 937 877 994 dierum·

161 1003 266 1071 Ungere
278 1004 299 1054 si
314 1003 399 1055 caules
411 1003 467 1054 eleo
478 1003 585 1055 meliore
598 1010 731 1073 caputque

162 1072 275 1141 (imperis
286 1073 393 1140 impexa
403 1072 502 1124 foedum
515 1072 664 1140 porriginel
683 1075 779 1142 Quare,

162 1141 190 1194 Si
221 1142 306 1194 uiduis
319 1142 382 1193 satis
394 1147 440 1207 est,
453 1142 578 1209 perjuras,
592 1142 708 1210 surripis,
720 1146 808 1196 aufers

162 1160 304 1279 Uniliquel
322 1210 388 1262 Tun'
401 1209 495 1262 sanuel
514 1210 645 1278 Populum
658 1211 680 1262 si
693 1213 792 1266 caedere
803 1209 862 1266 aui!

162 1279 278 1349 Incipias
291 1297 426 1347 servosque
437 1286 504 1345 tuos,
517 1296 581 1347 ques
593 1295 642 1331 {ere
654 1282 763 1348 pararis,

163 1348 292 1401 Insanum
303 1356 330 1401 te
342 1366 430 1400 omnes
443 1348 516 1416 pueri
528 1349 694 1417 clamentque
706 1350 815 1418 puellae:
878 1339 905 1396 Ν

163 1417 251 1482 Quum
263 1419 356 1486 laqueo
368 1435 476 1469 uxerem
488 1418 617 1470 interimis
629 1423 794 1488 matremque
804 1429 899 1490 reuelli¹

163 1486 292 1539 Incolumi
309 1487 394 1554 capite
409 1486 453 1538 esl
472 1487 542 1551 Quid
558 1485 645 1539 eniml
666 1487 760 1556 Neque
776 1495 806 1542 tu
820 1488 861 1540 hee
871 1481 906 1534 Β

162 1555 218 1609 Nec
225 1556 294 1607 ferre
302 1563 332 1608 ut
342 1556 447 1607 demens
456 1555 610 1623 genitricem
619 1556 716 1610 occidis
726 1559 834 1612 Orestes.
845 1545 904 1624 [lm

163 1631 206 1683 An
219 1634 250 1681 tu
261 1627 324 1679 reris
337 1642 397 1677 eum
409 1624 493 1675 occisa
505 1623 632 1675 insanisse
644 1627 760 1689 parente,

164 1701 203 1752 Ae
215 1714 267 1749 nen
279 1700 341 1747 ante
352 1693 428 1745 malis
441 1693 588 1744 dementem
600 1698 689 1744 actum
702 1691 796 1758 Furiis,
808 1703 875 1761 qum

165 1768 198 1821 In
211 1765 302 1819 matris
310 1763 406 1832 jugulo
418 1762 515 1814 ferrum
528 1760 651 1829 tepefecit
659 1766 770 1814 acutum
781 1760 791 1814 l

167 1837 244 1903 Quin,
257 1852 291 1888 ex
304 1850 355 1901 que
368 1837 407 1884 est
419 1831 524 1883 habitus
536 1830 605 1882 male
617 1835 683 1882 tutae
695 1830 792 1883 mentis
805 1829 889 1888 oreas

166 1906 213 1960 Nil
225 1922 286 1958 sane
298 1903 368 1968 fecit,
381 1901 451 1969 qued
464 1906 494 1952 tu
505 1899 693 1968 reprehendere
704 1900 803 1968 pessis:

166 1976 227 2029 Non
239 1973 357 2042 Pyladen
366 1972 433 2023 ferro
445 1969 542 2021 violare
554 1985 665 2020 aususve
677 1985 790 2022 sorerem
801 1971 839 2022 est

167 2045 317 2106 Electram
335 2045 441 2094 tantum
452 2039 521 2091 male
532 2038 598 2090 dicit
610 2038 714 2105 utrique
726 2037 841 2091 vocando
883 2017 909 2102 lli

167 2115 246 2166 Hane
256 2109 373 2177 Furiam,
386 2110 456 2162 hunc
468 2107 549 2168 aliud,
557 2107 638 2173 jussit
650 2107 720 2173 qued
737 2091 909 2175 splendideffl

164 2182 269 2252 Pauper
282 2183 401 2252 Opimius
413 2178 516 2248 argenti
527 2179 606 2247 positi
617 2179 691 2231 intus
704 2183 731 2232 et
743 2179 809 2248 auri,

165 2253 217 2318 Qui
229 2253 404 2305 Veientanum
416 2251 489 2303 festis
501 2255 592 2317 potare
604 2248 695 2300 diebus

166 2324 298 2390 Campana
310 2322 400 2373 solitus
413 2319 493 2373 trulla
505 2335 669 2386 vappamque
681 2317 810 2386 profestis,

166 2392 304 2456 Quondam
315 2392 434 2458 lethargo
446 2387 539 2457 grandi
552 2394 592 2439 est
604 2404 747 2454 oppressus,
760 2394 792 2439 ut
803 2385 871 2438 heres

167 2463 229 2513 Jam
242 2462 339 2513 circum
352 2458 449 2511 loculos
461 2462 488 2510 et
500 2457 585 2508 clares
597 2455 674 2507 lmtus
686 2472 818 2524 ovansque
900 2503 907 2516 ,

165 2529 292 2582 Curreret.
329 2530 408 2581 Hunc
419 2527 535 2579 medicus
547 2525 662 2577 multum
674 2526 743 2576 celer
755 2531 833 2592 atque
843 2507 909 2576 fidssll

166 2600 274 2652 Excitat
286 2599 334 2650 hoc
346 2603 435 2666 pacto:
453 2612 571 2647 mensam
583 2594 644 2662 peni
654 2593 731 2661 jubet
743 2601 823 2662 atque

133 2695 137 2702 ·
166 2669 274 2721 Effunui
287 2685 371 2720 saccos
384 2681 557 2727 nummorum,
570 2664 690 2715 accedere
703 2663 791 2731 plures
900 2643 909 2692 l

160 2738 205 2791 Arl
215 2736 426 2802 numerandum
442 2732 579 2788 huminem
588 2733 627 2784 sie
638 2732 731 2798 eriphi
745 2731 820 2783 addit
831 2735 856 2784 et
867 2715 909 2778 '11¹¹

154 2810 172 2837 “
175 2808 215 2862 Ni
229 2817 278 2864 tua
291 2806 426 2876 custodis,
438 2802 539 2861 auidus
550 2803 610 2872 'qam
615 2800 680 2852 hae
688 2791 891 2850 adheretum?
