2159 3309
388 297 598 351 ssulaaauu
616 298 639 351 Ι.
657 302 681 364 2,
700 302 724 350 3.
897 294 948 347 133

145 398 244 466 Usque
257 400 293 453 ad
301 400 373 453 mala
384 401 494 466 citaret¹,
507 402 560 453 “Io
572 401 675 453 Bacche
685 404 709 452 !’'
726 398 804 452 modo
816 418 919 456 summa

144 464 234 533 Voce,
246 468 326 519 modo
338 468 395 535 hac,
407 474 511 520 resonat
523 486 581 536 quae
594 469 696 521 chordis
709 475 832 537 quattuor
843 476 904 525 lma.

142 533 195 588 Nil
210 537 317 604 aequale
329 537 429 589 homini
441 538 494 590 fuit
506 538 562 601 illi;
580 555 649 606 saepe
662 539 735 591 velut
748 538 792 606 qui

142 603 287 657 Ourrebat
297 606 402 673 fugiens
414 607 522 670 hostem,
534 625 650 675 persaepe
662 608 736 660 velut
747 608 795 675 qui
918 612 951 661 10

141 672 163 725 J
163 674 274 726 unonis
286 691 360 727 sacra
371 675 464 728 ferret:
483 675 596 729 habebat
608 694 676 745 saepe
689 676 822 743 ducentos,

141 741 228 811 Saepe
241 743 334 795 decem
346 761 446 807 servos3
463 746 539 797 modo
552 763 625 813 reges
637 753 718 814 atque
731 747 882 813 tetrarchas,

141 810 490 880 Omniamagnaloquens3
508 815 598 867 modo:
617 814 658 867 Sit
666 816 828 868 mihimensa
837 816 951 886 tripeset

85 945 92 954 ,Ι
140 880 263 934 Concha
275 882 336 933 salis
347 884 408 951 puri
420 888 447 935 et
459 891 528 952 toga,
541 901 599 952 qnae
612 883 750 937 defendere
762 886 846 952 frigus

85 1011 87 1024 Ι
140 949 284 1013 Quamvis
295 967 381 1003 crassa
392 958 479 1020 queat.
514 954 608 1005 Decies
620 962 730 1006 centena
742 955 856 1008 dedisses

85 1035 90 1070 ι
141 1017 227 1071 Huic
240 1036 321 1088 parco
333 1022 425 1088 paucis
436 1028 568 1087 contento,
581 1022 697 1089 quinque
709 1022 802 1075 diebus

85 1101 91 1132 ἰ
141 1085 196 1140 Nil
210 1088 313 1141 eratin
325 1089 424 1143 loculis.
460 1091 557 1143 Noctes
569 1090 698 1157 vigilabat
710 1092 744 1143 ad
757 1092 844 1159 ipsum

143 1153 243 1224 Maus,
256 1157 327 1209 diem
339 1163 426 1209 totum
438 1159 579 1220 stertebat;
596 1159 635 1209 nil
647 1159 700 1210 fuit
711 1176 829 1226 unquam

145 1223 196 1278 Sic
209 1227 299 1295 impar
310 1225 368 1279 sibi.
402 1226 481 1279 Nunc
493 1226 588 1294 aliquis
600 1227 671 1278 dicat
683 1226 756 1293 mihi,
769 1227 861 1289 “Quid
873 1228 924 1279 tui

147 1289 271 1347 Nullane
280 1294 468 1347 habesuitiai”
487 1294 573 1347 Immo
580 1294 633 1347 alia
640 1301 667 1346 et
673 1294 782 1345 fortasse
788 1294 896 1345 minora
909 1298 944 1346 20

150 1357 271 1415 unnim
281 1362 415 1416 absentem
428 1364 544 1415 Novium
556 1380 638 1431 quum
647 1367 771 1429 carperet,
784 1362 798 1388 ‘⁴
806 1362 879 1412 Heus
889 1364 943 1427 tu,''

197 1432 271 1484 ’dam
283 1432 329 1496 ait,
341 1433 467 1499 “ignoras
479 1433 525 1484 tei
543 1449 578 1483 an
591 1438 621 1484 ut
633 1432 755 1498 ignotum
767 1428 829 1480 dare
841 1429 916 1480 nobis

181 1499 244 1553 orba
254 1507 333 1569 putas
342 1499 372 1553 i'’
391 1502 524 1569 “Egomet
535 1501 573 1552 mi
585 1497 714 1567 ignosco,'’
724 1497 838 1549 Maenius
850 1498 946 1578 inquit.

161 1559 260 1621 &utus
272 1575 299 1620 et
310 1567 443 1635 improbus
456 1568 499 1620 hic
510 1584 583 1620 amor
594 1574 635 1619 cst
646 1568 793 1635 dignusque
804 1571 898 1620 notari.

164 1627 245 1695 Quum
256 1642 304 1690 tua
315 1637 474 1705 pervideas¹²
486 1637 568 1689 oculis
579 1636 651 1689 mala
662 1636 751 1705 lippus
762 1635 886 1696 inunctis,

166 1697 212 1755 (im
220 1704 248 1758 in
259 1707 403 1759 amicorum
415 1705 487 1759 vitiis
499 1712 555 1759 tam
567 1707 651 1759 cernis
662 1712 779 1771 acutum,

168 1765 740 1844 Quemsutsquilasutserpensnpidamiust
758 1773 948 1827 Attibicontra

168 1831 260 1911 benit,
272 1844 409 1913 inquirant
420 1845 487 1897 vitia
498 1850 530 1895 ut
542 1851 591 1897 tua
602 1861 692 1896 trusus
704 1851 731 1896 ct
742 1843 791 1896 illi

166 1899 311 1966 Iracundior
322 1919 363 1965 est
374 1914 470 1982 paullo,
483 1914 571 1965 minus
583 1920 662 1981 aptus
673 1912 759 1965 acutis

163 1967 270 2034 Naribus
281 1983 376 2035 horum
387 1983 539 2045 hominum
557 1983 636 2034 rideri
648 1982 737 2049 possit,
750 1998 781 2033 eo
793 1980 865 2049 quod
911 1984 945 2033 30

161 2035 289 2103 Rustieius
301 2058 376 2104 tonso
388 2057 451 2119 toga
463 2051 556 2104 defluit
568 2057 595 2104 et
606 2050 675 2103 male
686 2050 764 2102 laxus

85 2166 89 2178 .
158 2103 189 2161 1¹¹
202 2119 267 2182 pede
278 2120 381 2173 calceus
393 2121 489 2173 haeret:
507 2129 536 2172 at
548 2126 588 2172 est
600 2120 691 2185 bonus,
703 2126 735 2170 ut
746 2118 838 2171 melior
849 2119 891 2171 vir

155 2170 216 2233 Non
223 2187 446 2258 unusquisquam,
455 2196 483 2242 at
496 2190 546 2241 tibi
555 2189 662 2253 amicus,
671 2195 699 2240 at
707 2188 843 2255 ingenium
852 2189 945 2256 ingens

153 2239 261 2310 [Multo
273 2259 339 2311 latet
351 2259 400 2311 hoo
413 2259 461 2310 sub
473 2275 586 2326 corpore.
621 2258 743 2324 Denique
756 2264 782 2309 te
794 2257 882 2325 ipsum

150 2307 277 2393 concute,
289 2345 355 2380 num
367 2345 420 2396 qua
432 2328 482 2380 tibi
494 2328 619 2379 vitiorum
631 2327 755 2380 inseverit
767 2327 830 2378 olim

146 2372 258 2448 Numa
269 2403 316 2449 aut
328 2397 408 2449 etiem
420 2398 583 2448 consuetudo
594 2396 681 2458 mala3
698 2413 812 2464 namque

143 2439 287 2518 Ne&lectis
299 2465 400 2518 urenda
411 2466 469 2517 filix
481 2465 628 2517 innascitur
639 2465 716 2532 agris.

141 2506 219 2575 mue
234 2542 429 2602 praevcrtamur,
442 2543 585 2586 amatorem
596 2535 666 2602 quod
678 2534 769 2587 amica

135 2639 191 2704 Del
222 2599 253 2655 ia
265 2604 399 2724 decipilunt
409 2621 509 2724 {appm
522 2605 655 2724 vitialaut
667 2604 747 2724 etlipm
759 2604 816 2672 ipsa
826 2604 883 2657 haec

135 2675 797 2798 vomentis
909 2677 943 2725 ⁴⁰

256 2824 267 2858 Ι
272 2828 359 2868 iteraret
706 2842 725 2863 ι
737 2832 865 2884 prouidens
