2159 3309
174 280 226 335 190
495 274 647 329 HORA'l'lI
707 283 710 288 '

173 381 224 433 Scd
236 380 434 449 quadringentis
446 399 491 435 sex
504 390 604 452 septem
615 386 700 439 millia
710 386 819 438 desunt:

172 450 248 504 Plebs
261 453 318 505 cris.
354 456 391 506 At
403 454 477 545 pueri
489 454 617 520 ludentes,
629 456 644 481 ‘⁴
653 455 712 507 Rex
723 452 798 521 eris,''
810 452 881 515 aiunt,

172 521 186 547 “
196 521 223 571 Si
235 528 305 574 recte
316 522 420 574 facies.'
456 524 508 575 Hic
519 541 610 575 murus
622 526 720 576 a'e'neus
733 531 806 576 esto:
904 516 925 566 θ(

172 591 218 644 Nil
230 592 344 645 conscire
356 591 412 657 sibi,
425 590 500 643 nulla
511 591 650 658 pallescere
662 591 749 659 culpa.

173 660 272 727 Roscia,
285 661 328 712 dic
340 661 420 726 sodes,
433 660 524 712 melior
535 660 586 725 lex,
599 677 633 710 an
646 677 788 726 puerorum
799 664 837 711 est

172 729 266 796 Nouia,
297 746 337 781 uae
350 746 460 796 regnum
472 735 543 781 recte
554 729 712 779 facientibus
724 729 807 795 offert,

172 798 208 850 Et
220 745 335 850 manime
348 798 431 849 Curiis
444 804 471 849 et
483 797 624 849 decantata
636 797 772 849 Camillis?

173 866 235 919 Isne
247 867 296 919 tibi
307 866 400 918 melius
413 866 513 932 suadet,
527 866 573 934 qui
584 883 640 917 rem
651 866 741 929 facias,
754 883 816 929 rem,

173 934 201 988 Si
214 935 302 1003 possis,
314 941 392 1000 recte,
406 935 427 986 si
439 952 499 1001 non,
513 951 670 1002 quocunque
682 934 760 987 modo
772 952 833 1001 rem,

173 1004 212 1056 Ut
225 1004 331 1072 propius
344 1010 443 1072 spectes
455 1004 592 1056 lacrimosa
603 1006 726 1071 poemata
738 1004 817 1073 Pupi,

173 1072 217 1124 An
231 1073 276 1140 qui
290 1073 412 1126 Fortuna
425 1079 452 1126 te
463 1089 614 1140 responsare
627 1071 743 1140 superbae

173 1140 297 1194 Liberum
309 1149 336 1195 et
348 1148 464 1195 erectum
493 1158 588 1193 raesens
600 1142 722 1193 hortatur
733 1147 761 1194 et
773 1138 863 1210 aptati

175 1210 250 1274 Quod
263 1211 285 1263 si
297 1227 339 1263 me
351 1211 464 1279 populus
516 1227 611 1262 manus
622 1210 690 1262 forte
702 1216 784 1277 roget,
797 1228 844 1263 cnr
913 1204 924 1256 l

174 1278 243 1347 Non,
254 1285 286 1332 ut
298 1278 448 1348 porticibus,
461 1278 498 1330 sic
507 1279 615 1347 judiciis
626 1278 700 1331 fruar
711 1279 803 1346 isdem,

174 1346 230 1400 Neo
243 1365 337 1416 sequar
348 1354 395 1400 aut
406 1347 515 1415 fugiam,
528 1364 587 1416 quae
599 1348 688 1415 diligit
699 1348 755 1417 ipse
768 1348 810 1401 vel
822 1347 880 1413 odit

175 1414 246 1469 Olim
258 1417 327 1483 quod
339 1417 431 1482 vulpes
444 1421 541 1484 aegroto
553 1423 631 1469 cauta
642 1417 711 1469 leoni

175 1486 328 1557 Respondit,
340 1487 467 1539 referam:
486 1487 501 1514 “
511 1486 579 1551 Quia
586 1504 629 1539 me
641 1486 753 1554 vestigia
764 1490 869 1553 terrent,

175 1557 271 1610 Omnia
283 1566 309 1609 te
319 1556 458 1608 adversum
471 1557 623 1624 spectantia,
635 1555 710 1607 nulla
721 1552 881 1608 retrorsum.”

174 1624 269 1679 Bellua
279 1624 424 1677 multorum
436 1641 463 1677 es
480 1626 606 1695 capitum
641 1625 713 1677 Nam
725 1625 790 1693 quid
803 1640 891 1693 sequar
904 1632 925 1672 aa

174 1693 387 1812 Psidiidrdinum
398 1756 478 1824 gestit
490 1756 634 1809 conducere
645 1753 758 1823 publica,
771 1760 833 1809 sunt
845 1752 887 1823 qni

176 1827 274 1880 crustis
287 1835 314 1879 et
325 1826 408 1895 pomis
420 1825 513 1877 viduas
525 1832 655 1877 venentur
666 1842 767 1889 avaras,

176 1895 370 1963 Excipiantque
382 1911 462 1959 senes,
475 1911 538 1962 quos
551 1894 580 1945 in
592 1893 692 1947 vivaria
703 1894 814 1947 mittant
821 1912 829 1958 ;

176 1963 271 2018 Multis
284 1963 386 2016 occulto
398 1963 491 2016 crescit
503 1979 544 2015 res
555 1964 660 2015 foenore.
696 1962 798 2015 Verum
916 1952 925 2003 ἕ

176 2031 241 2085 Esto
252 2032 311 2086 aliis
323 2032 387 2085 alios
398 2032 475 2085 rebus
488 2031 633 2100 studiisque
646 2031 744 2084 teneri:

178 2100 262 2153 Iidem
274 2101 364 2154 eadem
396 2107 486 2154 ossunt
498 2101 589 2153 horam
601 2100 695 2153 durare
707 2098 861 2168 probantcsl

177 2167 296 2220 “Nullus
308 2169 337 2222 in
349 2186 378 2223 or
422 2167 494 2220 sinus
505 2164 579 2217 Baiis
591 2164 717 2232 praelucet
728 2166 860 2234 amoenis‚”

177 2228 206 2282 fii
219 2228 288 2282 dixit
300 2230 379 2297 dives,
392 2231 465 2283 lacus
477 2236 588 2284 otmaro
600 2233 680 2285 sentit
692 2250 807 2287 amorem

178 2296 339 2351 Festinantis
351 2300 422 2363 heri;
441 2300 484 2352 cui
496 2300 518 2351 si
530 2300 625 2353 vitiosa
636 2301 717 2354 libido

178 2365 281 2419 Fecerit
292 2368 451 2436 auspicium:
470 2386 525 2421 cras
537 2370 696 2423 ferramenta
708 2371 826 2425 Teanum

179 2433 293 2501 Tolletis,
305 2436 380 2490 fabri
416 2438 511 2490 Lectus
522 2438 633 2506 genialis
645 2440 673 2490 in
685 2439 748 2492 aula
759 2449 813 2495 cst:

177 2502 224 2555 Nil
235 2504 274 2556 ait
286 2522 340 2558 esse
352 2506 432 2574 prius,
443 2506 536 2559 melius
549 2507 588 2559 nil
600 2508 691 2561 coelibe
703 2509 760 2562 vita
767 2529 775 2574 ;

178 2571 206 2624 si
218 2588 271 2625 non
283 2579 329 2640 est,
338 2576 412 2643 jurat
423 2574 489 2627 bene
501 2576 561 2628 solis
573 2594 627 2628 esse
639 2577 748 2632 maritis.

179 2641 235 2705 Quo
248 2647 351 2695 teneam
363 2643 453 2695 vultus
465 2650 614 2697 mutantem
626 2646 721 2698 Protea
732 2648 818 2701 'nodol
921 2640 925 2683 ³

177 2710 248 2773 Quid
260 2712 377 2784 paupert
396 2712 476 2767 Ride:
494 2720 584 2767 mutat
594 2715 739 2780 coenacula,
747 2716 837 2782 lectos,

162 2779 275 2852 Balnea,
291 2790 420 2858 tonsores,
432 2784 570 2841 conducto
580 2784 778 2851 navigiumque
862 2847 869 2858 κ

151 2846 282 2911 Nauseat
295 2876 330 2914 ac
342 2858 480 2932 locuples,
494 2873 582 2930 quom
592 2853 674 2908 ducit
683 2852 766 2917 priua
774 2851 898 2899 tium·
