2159 3309
323 332 572 386 EPISTOLARUM
591 330 630 385 11.
647 333 671 383 2.
834 329 884 379 231

191 448 341 517 npestirum
352 448 440 510 pueris
452 446 591 497 concedere
602 445 704 508 ludum,

186 537 212 572 m
224 518 303 572 verba
315 519 388 586 sequi
400 517 495 569 fidibus
507 518 667 569 modulanda
680 517 787 581 Latinis,

181 604 238 639 rerae
249 603 421 654 numerosque
432 587 571 654 modosque
583 587 696 638 ediscere
709 587 776 637 vitae.

176 658 237 709 :irca
247 673 351 708 mecum
363 656 454 723 loquor
466 656 522 707 haec
534 656 684 722 tacitusque
695 652 827 706 recordorz

174 725 200 777 bi
212 725 285 777 nulla
298 725 370 776 sitim
381 724 470 776 finiret
482 724 557 792 copia
568 724 691 791 lymphae,

166 810 235 846 raras
245 793 368 845 medicis:
387 793 456 860 quod
469 799 567 860 quanto
579 793 655 860 plura
667 790 773 860 parasti,

161 869 193 914 to
205 862 282 930 plura
295 862 376 929 cupis,
388 862 489 913 nulline
501 862 607 912 faterier
619 860 715 913 audesl

156 931 246 983 rulnus
259 930 309 981 tibi
320 937 464 982 monstrata
476 930 563 981 radice
575 930 615 981 vel
628 930 709 981 herba

152 1017 168 1051 u
180 999 256 1051 fieret
267 999 358 1064 levius,
370 999 473 1065 fugeres
485 999 572 1049 radice
583 999 625 1049 vel
637 997 717 1049 herba
837 999 888 1049 150

147 1068 266 1120 eliciente
278 1068 345 1119 nihil
358 1068 478 1119 curarier.
514 1067 648 1132 Audiens,
661 1066 704 1118 cui

142 1155 176 1189 rm
189 1136 224 1188 Di
238 1137 373 1201 donarent,
386 1136 426 1187 illi
438 1135 561 1187 decedere
573 1152 680 1202 pravam

137 1206 273 1268 ultitw
292 1212 325 1271 et,
338 1221 420 1271 quum
433 1205 467 1255 sis
479 1204 562 1255 nihilo
575 1203 722 1271 sapientior,
735 1220 831 1270 exque

132 1275 217 1327 lenior
229 1290 263 1338 es,
276 1279 365 1324 tamen
377 1273 458 1324 uteris
470 1272 642 1324 monitoribus
654 1271 754 1324 isdeml

127 1349 145 1395 ‚t
157 1343 180 1394 si
192 1342 292 1394 divitie
305 1342 461 1410 prudentem
473 1342 580 1393 reddere
592 1348 703 1409 possent,

122 1413 136 1463 ri
149 1411 276 1479 cupidum
289 1410 463 1477 timidumque
475 1411 562 1461 minus
574 1415 608 1476 te,
620 1426 714 1477 nempe
725 1407 837 1475 tuberes,

118 1480 133 1531 l
134 1482 218 1532 ireret
230 1480 258 1530 in
270 1480 346 1530 terris
358 1485 385 1530 te
398 1480 419 1530 si
431 1480 489 1546 quis
501 1480 604 1531 avarior
616 1495 675 1529 uno.

113 1547 137 1601 si
150 1548 285 1617 proprium
298 1555 344 1613 est,
357 1547 427 1614 quod
440 1548 498 1615 quis
509 1547 576 1599 libre
588 1551 719 1598 mercatur
730 1550 757 1597 et
769 1562 826 1611 sere,

110 1618 244 1682 Quadam,
258 1618 279 1667 si
292 1616 375 1668 credis
387 1617 519 1682 consultis,
531 1616 665 1682 mancipat
677 1632 740 1666 usus
747 1633 755 1678 ;

109 1686 162 1751 Qui
174 1693 201 1738 te
213 1686 297 1753 pascit
309 1702 378 1752 ager,
391 1691 453 1736 tuus
465 1692 511 1751 est,
524 1692 551 1736 et
563 1685 666 1735 villicus
679 1683 748 1749 Orbi,
842 1684 892 1733 160

109 1755 199 1819 Quum
212 1760 311 1820 segetes
324 1758 397 1805 occat
409 1754 457 1805 tibi
469 1771 529 1805 mox
542 1756 675 1805 frumenta
687 1753 800 1818 daturas,

108 1822 146 1877 l'e
158 1823 294 1875 dominum
307 1823 394 1874 sentit.
431 1822 484 1873 Das
496 1839 623 1888 nummos,
635 1822 730 1889 accipis
743 1837 829 1886 uram,

108 1891 209 1956 Pullos,
221 1908 277 1954 ova,
290 1890 384 1942 cadum
397 1891 499 1942 temeti:
516 1908 611 1958 nempe
622 1890 698 1941 modo
710 1891 760 1942 isto

108 1960 256 2014 Paullatim
267 1959 389 2011 mercaris
401 1976 493 2025 agrum
505 1959 613 2011 fortasse
625 1959 748 2010 trecentis

108 2030 167 2083 Aut
180 2028 260 2081 etiam
273 2045 352 2095 supra
364 2044 528 2078 nummorum
540 2027 647 2079 milibus
658 2036 784 2095 emptum.

109 2097 182 2163 Quid
195 2097 282 2162 refert,
294 2097 367 2147 vivas
379 2103 516 2147 numerato
528 2113 613 2164 nuper
623 2113 658 2147 an
670 2095 750 2147 oliml

108 2166 223 2234 Emptor
235 2165 335 2217 Aricini
348 2164 479 2232 quondam
492 2165 609 2216 Veientis
621 2171 648 2216 et
659 2164 716 2216 arvi

109 2234 240 2303 Emptum
252 2240 339 2285 coenat
351 2233 414 2298 olus,
427 2234 546 2300 quamvis
558 2234 635 2285 aliter
646 2238 738 2301 putat3
756 2232 850 2301 emptis

110 2302 167 2356 Sub
178 2309 283 2354 noctem
295 2302 409 2369 gelidam
421 2302 499 2369 lignis
512 2302 651 2353 calefactat
663 2304 774 2365 aenum3

110 2372 163 2424 Sed
176 2378 345 2437 vocatusque
358 2388 440 2433 suurn
454 2387 505 2437 qua
517 2370 629 2439 populus
641 2371 727 2422 adsita
738 2371 816 2423 certis
843 2371 894 2423 170

110 2438 254 2493 Limitibus
265 2440 352 2491 vicina
363 2440 462 2507 refugit
470 2440 575 2507 jurgia;
594 2446 729 2507 tamquam

110 2507 154 2630 git
166 2508 301 2577 proprium
313 2509 463 2576 quidquam,
476 2514 575 2576 puncto
587 2509 655 2576 quod
667 2508 770 2560 mobilis
781 2508 851 2560 horse

138 2594 191 2630 unc
204 2593 286 2645 prece,
294 2593 364 2628 nunc
376 2577 468 2645 pretio,
476 2594 547 2628 nime
560 2578 594 2643 vi,
603 2594 673 2628 nunc
684 2585 767 2629 morte
775 2594 895 2646 suprema

112 2644 249 2698 Permutat
261 2645 378 2698 dominos
390 2652 417 2696 et
429 2645 505 2697 cedat
516 2645 545 2697 in
557 2646 640 2698 altera
648 2649 716 2714 jura

112 2713 157 2767 flio
168 2714 232 2781 quia
243 2722 384 2781 perpetuus
396 2714 463 2765 nulli
475 2713 555 2765 datur
567 2733 628 2766 usus
640 2723 667 2767 et
680 2715 753 2766 heres

110 2781 242 2834 Heredem
253 2781 364 2834 alterius
376 2781 449 2836 salut
462 2783 534 2837 unda
545 2784 700 2855 supervenit
707 2783 823 2848 undam,
