2159 3309
237 313 290 373 198
562 313 714 366 HORATII

241 413 287 466 Nil
299 418 338 466 est
346 413 504 481 jucundum,
517 412 591 465 vivas
605 415 634 465 in
646 431 734 466 amore
742 414 867 482 jocisque.

242 482 315 549 Vive,
329 483 394 536 vale.
430 483 458 535 Si
470 482 534 550 quid
546 483 646 535 novisti
658 484 755 534 rectius
767 484 833 551 istis,

242 551 376 605 Candidus
387 552 509 620 imperti;
527 551 550 603 si
563 569 624 620 non,
636 552 678 603 his
690 559 765 604 utere
776 570 887 605 meeum.

374 720 548 775 EPISTOLA
565 719 701 773 VIL-sn
715 731 901 768 ascensuum

244 828 375 894 Qumcun
388 828 443 880 dies
455 827 505 880 tibi
516 828 651 896 pollicitus
662 845 705 881 me
716 846 778 882 rure
790 830 917 895 futurum,

241 898 368 950 Sextilem
381 903 468 949 totum
480 898 594 949 mendax
607 897 745 951 desideres.
780 898 866 967 Atqui

241 967 270 1020 Si
281 983 324 1018 me
336 966 424 1018 vivere
436 967 476 1018 vis
489 983 583 1018 sanum
594 973 717 1033 reeteque
729 968 869 1034 valentem,

242 1035 326 1099 eram
338 1035 405 1087 mihi
417 1034 464 1087 das
477 1052 554 1103 aegre,
566 1034 640 1087 dabis
653 1042 779 1102 aegrotare
791 1036 903 1102 timenti,

241 1103 378 1172 Mrecenas,
391 1105 502 1171 veniam,
515 1105 579 1155 dum
592 1104 656 1155 ficus
668 1105 753 1173 prima
764 1106 886 1175 calorque

241 1172 438 1241 Designatorem
451 1173 557 1226 decorat
569 1173 704 1226 lictoribus
716 1174 788 1241 atris,

241 1242 312 1295 Dum
324 1243 412 1310 pueris
424 1242 507 1295 omnis
520 1247 596 1311 pater
607 1248 634 1294 et
646 1243 791 1295 matercula
802 1243 893 1311 pallet,

242 1310 413 1379 Officiosaque
425 1311 551 1364 sedulitas
563 1317 590 1364 et
602 1311 688 1379 opella
699 1311 809 1363 forensis

241 1380 360 1432 Adducit
371 1379 456 1433 febres
468 1387 495 1433 et
508 1386 668 1433 testamenta
679 1381 803 1448 resignat.

243 1449 321 1511 Quod
334 1450 356 1501 si
368 1448 461 1502 bruma
473 1450 547 1502 nives
559 1449 669 1501 Albanis
681 1449 769 1502 illinet
781 1450 859 1518 agris,

242 1519 285 1571 Ad
297 1536 370 1572 mere
382 1518 522 1571 descendet
533 1525 607 1571 vates
619 1524 682 1570 tuus
694 1525 722 1571 et
734 1518 784 1571 sibi
795 1524 886 1588 parcet

243 1589 449 1655 Contractusque
461 1587 545 1655 leget3
562 1594 597 1653 te,
609 1587 695 1639 dulcis
707 1587 798 1654 amice,
810 1589 906 1641 reviset

242 1657 308 1709 Cum
320 1656 453 1725 Zephyris,
467 1657 488 1708 si
500 1657 632 1722 concedes,
646 1662 673 1708 et
684 1656 827 1711 hirundine
839 1657 928 1727 prime.

240 1725 267 1778 N
267 1743 301 1777 on
313 1742 365 1793 quo
376 1742 447 1777 more
459 1724 523 1792 piris
535 1726 605 1777 vesei
617 1725 726 1778 Calaber
733 1725 812 1794 jubet
824 1726 923 1794 hospes,

243 1791 287 1844 Tu
298 1810 341 1845 me
352 1792 439 1845 fecisti
451 1791 618 1859 locupletem.
654 1793 668 1820 “
678 1792 788 1845 Vescere
800 1792 898 1844 sodes.'’

243 1860 328 1914 “Jam
336 1859 469 1913 satisest.”
487 1862 540 1912 “At
548 1867 578 1913 tu
586 1867 716 1928 quantum
723 1861 763 1912 vis
771 1860 853 1912 tolle.‘’
871 1860 938 1911 “Ber

243 1929 327 1982 “Non
339 1930 424 1983 invisa
435 1930 502 1981 feres
514 1930 601 1997 pueris
613 1930 770 1981 munuscula
782 1928 892 1997 parvis.''

243 1998 335 2050 “Tam
348 2003 438 2050 teneor
449 1998 524 2061 dono,
538 2014 616 2078 quam
629 1999 650 2050 si
663 1998 781 2050 dimittar
794 1995 925 2049 onustus.”

243 2065 305 2119 “Ut
316 2064 381 2119 libet
393 2084 401 2131 ;
418 2066 474 2118 haec
486 2083 570 2135 porcrs
582 2066 659 2119 hodie
668 2066 827 2118 comedenda
838 2066 938 2133 relinqu

240 2129 370 2200 Prodigus
381 2134 409 2182 et
421 2129 517 2181 stultus
530 2129 619 2196 donat,
631 2146 689 2198 quae
701 2132 801 2200 spernit
813 2138 840 2186 et
852 2134 908 2187 odit
915 2153 922 2197 ;

240 2194 306 2249 Haec
318 2213 390 2265 seges
401 2196 519 2264 ingratos
531 2197 595 2250 tulit
607 2204 634 2250 et
646 2198 712 2251 feret
724 2201 845 2254 omnibus
857 2204 938 2256 annis.

239 2262 288 2316 Vir
300 2264 383 2317 bonus
395 2272 422 2317 et
435 2266 537 2334 sapiens
550 2266 637 2334 dignis
649 2268 688 2320 ait
700 2286 755 2322 esse
767 2278 883 2339 paratus,

239 2331 294 2385 Nec
306 2340 396 2386 tamen
408 2334 520 2401 ignoret,
534 2336 597 2402 quid
609 2336 708 2389 distent
720 2355 773 2390 sera
784 2340 898 2408 lupinis:

238 2400 356 2469 Dignum
368 2403 496 2470 praestabo
508 2421 550 2455 me
562 2405 643 2457 etiam
654 2423 701 2473 pro
714 2407 793 2459 laude
804 2410 934 2463 merentis.

239 2468 316 2530 Quod
329 2470 350 2522 si
362 2488 404 2523 me
416 2472 487 2523 noles
500 2490 611 2540 usquam
623 2474 762 2543 discedere,
775 2478 868 2530 reddes

238 2536 317 2592 Forte
328 2538 405 2606 latus,
418 2540 506 2607 nigros
519 2549 632 2609 angusta
643 2543 730 2596 fronte
742 2547 858 2613 capillos,

238 2606 341 2660 Reddes
353 2608 431 2661 dulce
442 2608 521 2676 loqui,
534 2611 626 2663 reddes
638 2612 722 2665 ridere
735 2614 858 2667 decorum
871 2623 898 2670 et

234 2675 312 2729 Inter
324 2678 387 2729 vina
398 2678 490 2746 fugam
502 2678 604 2731 Cinarae
616 2698 724 2734 moerere
736 2691 871 2750 protervas.

221 2743 307 2801 Forte
316 2766 370 2819 per
381 2755 531 2821 angustam
542 2750 633 2805 tenuis
644 2751 890 2820 srxlpecxhar'xmam

159 2849 198 2993 k
208 2812 353 2889 Repffltat
363 2821 395 2877 in
410 2840 555 2881 cumeram
566 2821 715 2891 frumenti,
722 2826 938 2891 pastanueruxsu
