2159 3309
221 303 273 354 238
540 300 696 354 HORATII

220 399 331 453 Publice
340 399 462 451 materies
473 399 570 467 privati
579 400 647 467 juris
659 399 716 465 erit,
729 398 752 450 si

220 468 281 521 Non
292 470 360 520 cirea
371 469 450 520 vilem
463 468 634 535 patulumque
645 466 785 519 moraberis
797 466 887 532 orbem,

222 536 278 589 Nec
290 536 367 589 verbo
379 553 469 589 verum
481 535 583 587 curabis
594 537 701 587 reddere
712 535 782 587 fidus

223 605 362 673 Interpres,
374 621 422 656 nec
434 604 535 656 desilies
547 605 664 655 imitator
675 605 704 656 in
715 611 826 668 arctum,

223 674 299 726 Unde
311 673 403 741 pedem
414 673 542 740 proferre*¹
556 673 640 740 pudor
651 678 722 724 vetet
733 680 782 724 aut
793 671 875 740 operis
884 669 928 723 lex.

222 741 278 794 Nec
290 742 327 793 sic
338 742 454 809 incipies,
468 747 498 792 ut
510 742 619 809 scriptor
631 740 745 807 cyclicus
757 741 834 792 olim:

223 810 389 862 “Fortunam
402 809 499 860 Priami
511 809 621 861 cantabo
632 816 660 861 et
671 808 757 860 nobile
769 806 887 861 bellum”

225 878 294 941 Quid
306 878 415 945 dignum
427 884 501 929 tanto
512 878 579 929 feret
590 878 633 929 hic
645 878 783 945 promissor
794 876 885 929 hiatui

224 946 379 999 Parturiunt
391 953 499 1011 montes,
511 952 632 997 nascetur
642 946 769 997 ridiculus
780 963 847 998 mua

226 1015 329 1079 Quanto
341 1016 435 1066 rectius
447 1015 498 1079 hic,
511 1014 558 1081 qui
569 1015 608 1065 nil
619 1015 726 1065 molitur
737 1015 841 1081 inepte:
944 1008 980 1061 llll

225 1084 297 1136 “Dic
308 1083 382 1150 mihi,
394 1083 477 1148 Musa,
490 1083 583 1147 virum,
596 1089 680 1150 captes
692 1089 750 1150 post
762 1091 879 1151 tempora
889 1080 958 1148 'troje

226 1152 278 1216 Qui
289 1169 372 1204 mores
383 1151 518 1203 hominum
530 1151 672 1202 multorum
684 1152 751 1203 vidit
763 1158 790 1203 et
802 1149 899 1203 urbes.”

225 1220 286 1273 Non
297 1221 400 1272 fumum
412 1237 445 1271 ex
457 1220 566 1286 fulgere,
579 1220 623 1271 sed
635 1237 668 1271 ex
679 1220 752 1271 fumo
765 1220 827 1271 dare
839 1220 920 1272 lucem

227 1290 338 1357 Cogitat,
349 1296 381 1341 ut
393 1289 507 1409 speciosa
519 1288 613 1340 dehinc
625 1288 751 1340 miracula
763 1295 872 1356 promat,

226 1357 389 1426 Antiphaten
421 1357 568 1423 cyllamque
580 1364 605 1408 et
619 1374 678 1408 eum
691 1356 802 1423 Cyclope
814 1352 962 1424 Charybdim

226 1426 282 1479 Nec
294 1427 407 1477 reditum
419 1426 552 1476 Diomedis
564 1424 597 1476 ab
609 1425 718 1477 interitu
731 1424 867 1492 Meleagri,

227 1494 283 1547 Nec
294 1495 397 1562 gemino
409 1494 506 1545 bellum
519 1494 659 1561 Trojanum
671 1494 772 1545 orditur
783 1493 817 1544 ab
828 1510 891 1557 ovo;

228 1562 334 1631 Semper
347 1563 380 1615 ad
392 1570 515 1614 eventum
527 1563 635 1615 festinat
647 1569 674 1614 et
685 1563 713 1613 in
725 1562 824 1613 medias
835 1579 876 1613 res

228 1631 254 1684 N
255 1649 288 1684 ou
300 1648 372 1684 secus
384 1649 416 1683 ec
428 1637 502 1683 notas
514 1632 659 1683 auditorem
670 1631 740 1698 rapit
752 1636 786 1696 et,
798 1647 857 1697 quse

229 1700 357 1768 Desperat
369 1705 482 1751 tractata
493 1699 619 1751 nitescere
631 1716 711 1767 posse,
723 1699 857 1766 relinquit,
950 1689 979 1746 lt)

229 1771 316 1837 Atque
329 1769 367 1820 ita
378 1768 513 1832 mentitur,
526 1768 563 1819 sic
576 1769 642 1819 veris
654 1768 721 1819 falsa
732 1768 860 1833 remiscet,

230 1836 318 1889 Primo
330 1853 363 1889 ne
374 1836 496 1902 medium,
509 1837 594 1888 medio
607 1854 640 1888 ne
652 1836 780 1903 discrepet
792 1836 881 1888 imum.

230 1905 277 1972 'l'u,
290 1906 353 1972 quid
365 1922 412 1972 ego
424 1912 451 1956 et
463 1904 573 1972 populus
584 1922 687 1956 mecum
698 1904 834 1970 desideret,
846 1902 918 1956 audi:

231 1973 259 2027 Si
272 1974 397 2042 plausoris
409 1990 468 2040 eges
480 1972 564 2026 aulaea
575 1974 705 2025 manentis
717 1980 744 2024 et
756 1989 838 2039 usque

232 2043 340 2109 Sessuri,
352 2044 432 2095 donec
445 2047 542 2105 cantor,
555 2040 629 2091 “Vos
642 2038 782 2105 plaudite,’'
795 2039 875 2105 dicat,

231 2108 330 2160 AEtatis
343 2110 384 2175 cuj
389 2124 467 2175 usque
479 2106 588 2159 notandi
601 2115 662 2158 sunt
675 2106 723 2158 tibi
735 2123 826 2173 mores,

232 2175 424 2244 Mobilibusque
436 2177 511 2228 decor
523 2176 624 2227 naturis
636 2175 737 2226 dandus
749 2181 776 2227 et
788 2175 871 2228 annis.

233 2244 350 2297 Reddere
362 2246 408 2313 qui
420 2262 494 2297 voces
503 2245 560 2311 jam
572 2245 620 2295 scit
633 2260 697 2312 puer
709 2251 736 2295 et
748 2243 814 2310 pede
826 2250 895 2296 certo

233 2312 261 2366 Si
280 2320 326 2366 nat
338 2314 456 2379 humum,
469 2313 549 2380 gestit
561 2312 666 2380 paribus
678 2311 807 2363 colludere
819 2319 846 2364 ct
857 2313 921 2365 iram

234 2331 339 2449 Colligit
351 2400 381 2434 sc
393 2383 467 2450 ponit
479 2390 575 2433 temere
587 2388 614 2433 et
625 2387 744 2432 mutatur
755 2380 784 2431 in
796 2380 878 2434 bores.
957 2373 994 2427 lul

235 2449 360 2502 Imberbis
369 2451 473 2518 juvenis
486 2450 592 2501 tandem
604 2449 710 2501 custode
721 2455 819 2501 remoto
850 2499 852 2504 .

236 2518 338 2571 Gaudet
349 2520 422 2587 equis
435 2518 593 2585 canibusque
605 2525 632 2569 et
643 2518 725 2585 aprici
737 2518 855 2584 gramine
866 2514 959 2586 campi5

235 2586 329 2639 Cereus
340 2587 369 2638 in
381 2588 475 2639 vitium
489 2587 566 2651 flecti,
578 2586 749 2638 monitoribus
761 2603 843 2654 asper,

236 2655 349 2707 Utilium
362 2656 451 2707 tardus
464 2656 585 2723 provisor,
598 2656 721 2723 prodigus
733 2655 798 2721 uris,

232 2723 358 2780 Sublimis
371 2724 533 2796 cupidusque
544 2730 572 2775 et
583 2732 670 2775 emata
681 2724 827 2791 relinquere
838 2722 935 2794 pernix.

547 2816 558 2842 ἱ
571 2812 649 2851 reterre
656 2810 733 2860 pedem
