2159 3309
236 290 488 345 EPISTOLARUM
508 289 531 341 1.
552 290 661 340 18-20.
798 279 848 332 917

138 408 248 445 ocenum
259 392 361 459 querit,
373 408 452 460 quem
462 390 581 445 versibus
593 391 694 443 oblinat
706 391 778 459 atris,
814 393 849 443 30

138 477 232 530 sponsae
243 460 368 529 loqueum
379 461 477 512 fumoso
490 460 604 512 carmine
616 460 707 513 nectit.

138 545 207 598 sego
218 546 271 582 non
283 530 335 581 ulio
348 530 449 581 dietum
461 530 534 598 prius
546 546 589 581 ore
601 530 712 581 Latinus

138 599 181 652 ovi
191 598 302 662 fidicen3
316 600 398 666 juvat
409 599 590 650 immemorata
601 599 730 650 ferentem

138 667 191 720 ruis
202 667 335 736 oculisque
347 667 400 735 legi
411 667 584 736 manibusque
595 667 686 719 teneri.

146 736 219 803 velis,
230 753 291 789 mee
302 753 350 788 eur
361 737 481 803 ingratus
493 736 619 805 opusculo
630 736 712 788 lector

139 811 167 858 et
178 811 301 874 ametque
313 805 390 872 domi,
403 812 505 874 premnt
517 812 593 857 extre
604 805 685 858 limen
697 803 820 874 iniquusi

138 891 185 942 ego
197 880 311 927 ventosus
323 874 406 943 plebis
419 874 543 942 suffragiu
555 891 635 926 venor

140 943 194 996 nsie
205 960 340 996 eoenumm
351 951 378 995 et
390 944 460 995 tritae
472 960 580 995 munere
591 943 685 1007 vestis3

139 1029 192 1081 ego,
204 1011 332 1065 nobilium
344 1012 499 1080 scriptorum
512 1012 617 1064 auditor
628 1020 655 1063 et
668 1012 737 1063 ultor

139 1082 255 1135 metiens
266 1081 365 1134 ambire
377 1081 461 1133 tribus
473 1087 501 1133 et
513 1080 619 1150 pulpito.
630 1080 737 1146 dignor:
814 1083 858 1147 40·

147 1147 203 1200 illue
214 1148 337 1200 leerimae.
373 1146 492 1215 “Spissis
503 1146 614 1212 indigne
626 1145 737 1197 theatris

139 1222 169 1270 te
180 1215 264 1285 pudet
273 1217 385 1268 reoitere
396 1223 423 1267 et
435 1215 513 1283 nugis
525 1215 621 1267 oddere
632 1214 758 1283 pondus,'’

139 1286 179 1339 ni:
197 1285 213 1314 “
222 1284 326 1354 Rides,'¹
338 1286 384 1351 eit,
398 1286 413 1312 “
420 1291 448 1337 et
459 1285 478 1337 J
480 1285 535 1337 ovis
547 1283 654 1336 auribus
666 1284 718 1335 iste

139 1372 175 1420 ιη
191 1354 253 1409 iidie
265 1356 336 1408 enim
348 1373 457 1409 munere
469 1354 573 1424 poetica
584 1353 664 1407 melle

139 1424 207 1492 dum,
218 1425 269 1478 tibi
281 1425 415 1494 pulcher.”
451 1425 494 1477 Ad
505 1426 561 1477 haee
573 1442 621 1493 ego
632 1423 741 1477 nuribus
753 1422 794 1476 uti

139 1494 196 1560 eido,
208 1498 243 1561 et,
255 1494 383 1547 luctantis
394 1502 473 1548 eeuto
485 1512 519 1547 ne
527 1512 598 1547 secer
609 1495 699 1561 ungui,

139 1562 219 1632 plioet
230 1564 280 1617 iste
291 1564 388 1630 loeus,”
400 1565 492 1631 clamo,
504 1571 531 1616 et
544 1563 646 1615 diludia
657 1580 741 1631 poseo.

139 1650 156 1685 u
166 1632 238 1715 enirn
249 1633 342 1715 genuit
353 1632 487 1702 trepidum
499 1638 632 1684 certamen
644 1640 671 1684 et
682 1631 757 1699 irum,

139 1718 209 1755 ruoes
220 1702 374 1755 rnrmiorties
386 1708 414 1755 et
424 1701 534 1754 funebre
546 1701 653 1755 bellum

191 1865 363 1920 EPISTOLA
381 1867 511 1921 ΧΧ-Αι)
525 1882 635 1919 nrnuusr
648 1883 733 1920 sunu.

139 1993 251 2032 romu
263 1977 423 2045 Jenumque,
435 1976 508 2042 liber,
521 1981 639 2045 spectare
650 1974 754 2040 videris,

139 2054 172 2100 ret
183 2052 214 2100 ut
225 2053 326 2115 prostes
338 2045 469 2098 Sosiorum
481 2046 585 2114 pumice
597 2044 718 2097 mundus.

139 2115 250 2169 deletes
262 2121 290 2168 et
301 2120 378 2182 gratu
389 2115 476 2182 sigilla
488 2114 599 2182 pudioo;

139 2185 163 2237 is
174 2183 278 2238 ostendi
289 2184 372 2251 gemis
384 2189 412 2238 et
424 2183 574 2235 communie
585 2181 687 2249 laudas,

141 2254 179 2306 ito
189 2254 315 2306 nutritus.
351 2252 433 2320 Fuge,
445 2270 497 2320 quo
508 2251 665 2303 descendere
677 2249 765 2317 gestis.

142 2321 191 2374 erit
203 2321 296 2374 emisso
307 2319 407 2372 reditus
419 2320 476 2372 tibi.
513 2318 605 2382 “Quid
618 2318 697 2369 miser
708 2317 771 2385 egit

140 2431 142 2439 ,
153 2390 224 2442 volui
235 2388 262 2442 i’‘
280 2389 358 2454 dices,
371 2388 416 2440 ubi
430 2389 489 2455 quis
501 2394 528 2439 te
540 2387 637 2438 laeserit
649 2406 656 2449 ;
674 2394 701 2438 et
713 2387 763 2439 scis

140 2475 190 2512 reve
203 2466 230 2511 te
242 2458 307 2524 cogi,
320 2474 402 2525 quum
413 2456 507 2525 plenus
518 2456 631 2523 languet
642 2460 752 2508 ametor.

140 2526 146 2578 Ι
157 2528 178 2580 si
189 2544 243 2581 non
255 2527 315 2579 odio
327 2526 460 2594 peccantis
472 2525 569 2592 desipit
582 2540 676 2589 augur,

140 2597 211 2649 seris
223 2597 321 2662 Romae,
334 2594 416 2647 donec
429 2600 455 2646 te
468 2594 571 2646 deseret
583 2599 664 2654 aetes3
824 2593 859 2641 10

140 2671 251 2718 mistus
263 2664 309 2717 ubi
321 2664 444 2715 manibus
457 2663 602 2715 sordescere
614 2660 691 2727 vulgi

140 2734 179 2810 ηἰζ
192 2739 242 2783 sut
255 2733 341 2784 tineas
352 2750 446 2801 posces
458 2734 615 2789 taciturnus
624 2731 739 2794 inertes„

140 2811 206 2861 ¹3²oe
220 2798 328 2853 Uticam
341 2808 392 2856 eut
405 2804 521 2861 vinctus
532 2803 660 2860 mitteris
668 2799 806 2856 demm-
