2159 3309
244 523 329 577 VITA
347 522 507 578 HORATII.
745 525 784 579 rii

143 638 267 691 usculuin
278 655 333 690 non
345 638 424 691 deest
468 637 563 707 Itaque
579 637 669 691 licebit
682 639 712 693 in
726 658 784 695 sax·

143 708 205 761 „basi
223 724 306 775 quum
317 708 442 759 circuitus
451 707 592 760 voluminis
604 708 644 759 tui
660 710 695 761 sit
706 710 782 771 ὄγκω-

143 785 193 829 icut
205 784 244 829 est-
256 777 398 828 ventriculi
407 776 471 828 tui.''
499 776 540 828 Ad
553 794 593 829 res
603 777 733 831 Venereas
745 779 823 833 iii-12

143 846 177 897 lor
190 845 321 908 traditur3
338 844 411 913 [nam
424 846 556 913 speculato
566 845 686 899 cubiculo
698 853 783 898 scorta

143 915 225 965 buisse
242 914 375 982 disposita,
390 923 429 979 iit,
465 932 602 984 uocunque
620 915 782 984 respexisset,

143 1001 186 1051 igo
204 984 287 1035 coitus
305 933 464 1053 referretur}
499 984 575 1036 Vixit
592 984 737 1053 plurimum
753 983 822 1045 in13

143 1054 171 1103 is
183 1052 224 1103 sui
236 1051 326 1104 Sabini
338 1059 386 1104 aut
400 1051 531 1104 Tiburtini
543 1071 549 1105 :
568 1054 710 1121 domusque
726 1054 783 1119 ejus

147 1120 215 1172 circa
227 1120 336 1172 Tiburni
348 1120 473 1173 luculum.
501 1122 636 1174 Venerunt
647 1121 677 1173 iii
688 1138 782 1173 manus
793 1132 823 1177 14

143 1190 188 1256 egi
201 1188 249 1241 sub
259 1192 315 1257 ejus
327 1189 415 1254 titulo,
423 1194 450 1242 et
459 1190 578 1258 Epistola
585 1207 659 1259 prosa
667 1191 782 1242 oratione

143 1258 289 1309 mendantis
308 1276 335 1309 se
354 1258 508 1311 Maecenati:
527 1259 572 1310 sed
588 1264 699 1327 utraque
716 1258 783 1311 falsa

143 1327 251 1393 nElegi
271 1327 400 1393 vulgares,
421 1328 540 1396 Epistola
560 1328 640 1379 etiam
658 1327 782 1381 obscura:

147 1396 256 1447 minima
277 1395 424 1449 tenebatur.
459 1396 544 1448 Natus
562 1403 603 1447 est
626 1404 700 1449 sexto
719 1397 783 1448 Idus
793 1403 822 1448 15

143 1504 151 1529 ,
176 1465 256 1517 Lucio
281 1466 359 1517 Cotta
382 1470 410 1517 et
433 1465 514 1517 Lucio
537 1464 668 1533 Torquato
692 1482 783 1518 consu-

143 1535 246 1586 )ecessit
277 1536 371 1603 quinto
391 1534 524 1587 Kalendas
543 1533 704 1598 Decembres,
722 1534 783 1586 Caio
794 1540 823 1585 16
881 1549 891 1568 ·

143 1604 251 1655 insorino
274 1612 302 1656 et
327 1604 388 1656 Caio
407 1603 498 1655 Asinio
516 1603 591 1656 Gallo
612 1602 784 1667 consulibus,

143 1690 206 1724 nuni
230 1679 257 1724 et
282 1674 531 1741 quinquagesimum
554 1689 662 1737 annum,
681 1671 785 1724 hsararle

143 1742 209 1794 alam
222 1750 383 1810 nuncupato,
396 1759 485 1811 quum,
494 1748 605 1808 urgente
617 1741 645 1793 vi
656 1739 785 1793 valetudi-

145 1812 242 1863 ffioeret
259 1812 294 1863 ad
312 1812 485 1879 obsignandas
503 1811 656 1863 testamenti
672 1809 784 1862 tabulas.

145 1887 172 1932 et
195 1880 318 2001 cqiliditus
342 1889 382 1933 est
406 1881 530 1934 extremis
554 1879 688 1949 Esquiliis,
703 1881 784 1948 juxta
795 1881 823 1933 11

152 1956 211 2001 tuin
240 1968 295 2003 um.

292 2120 310 2159 2
337 2121 478 2159 Ariouisti

159 2199 284 2254 Horatius
302 2201 415 2265 Flaccus,
437 2201 556 2256 libertino
573 2206 646 2270 patre
663 2204 739 2254 natus
756 2199 805 2256 inl

143 2286 170 2320 in
187 2276 293 2338 parente
309 2270 338 2323 iii
358 2270 464 2324 Sabinos
483 2289 513 2324 co
567 2271 572 2280 '
593 2270 665 2323 ravit.
699 2270 808 2327 Quema

156 2354 263 2405 puerum
279 2339 388 2393 Romam
408 2340 520 2393 misisset
537 2339 565 2393 iii
592 2340 671 2391 udum
687 2338 784 2393 littera·

143 2404 239 2459 issimis
263 2406 378 2462 eruditus
402 2408 529 2478 impensis,
555 2408 685 2478 angustias
703 2409 784 2479 patris

143 2477 174 2541 io,
186 2475 315 2546 coluitque
330 2476 474 2531 adolescens
486 2477 604 2541 Brutum,
617 2476 665 2531 sub
695 2496 727 2531 no
739 2479 783 2532 tii-

143 2548 193 2597 tum
206 2544 273 2599 civili
282 2545 487 2600 bellomilitarit:
507 2551 671 2616 captusquea
705 2566 783 2602 asara

143 2632 175 2666 un
192 2618 302 2685 tenipus,
324 2616 444 2670 beneficio
465 2616 614 2670 Maecenatis
632 2634 683 2670 iioii
700 2617 781 2671 solum

143 2682 248 2737 edetiam
257 2684 283 2738 iii
292 2686 427 2740 amicitiam
436 2694 553 2756 receptus
562 2695 616 2751 est3
629 2695 783 2757 quapropter

143 2758 166 2806 et
185 2755 305 2824 Augusto
329 2755 355 2809 iii
378 2756 494 2810 omnibus
518 2755 619 2825 scriptis
638 2756 690 2809 suis
709 2775 782 2810 vene·

144 2824 234 2892 surgit.
280 2825 387 2895 Scripsit
405 2833 490 2879 autern
509 2826 655 2879 Carniinum
676 2824 718 2878 lib.
739 2827 807 2896 iv.‚3

143 2926 193 2971 689:
210 2927 235 2964 Δ.
246 2927 267 2964 c.
278 2927 317 2976 t5;
334 2928 359 2968 et
374 2928 425 2969 lior.
439 2929 550 2971 Curiatii.
560 2929 634 2974 ‘tui
647 2926 803 2975 kmi-tw*

143 3004 177 3075 is,-
189 3029 217 3069 s.
230 3032 252 3072 c.
262 3032 285 3075 s.
