2159 3309
200 258 452 312 EPISTOLARUM
471 258 495 308 1.
516 260 555 309 18.
723 249 773 302 215

143 370 224 423 parvo
236 354 296 405 beet
308 360 355 406 aut
368 354 548 405 incommodus
560 357 648 419 angat.

138 423 274 489 mmendes,
282 424 362 475 etiam
372 430 451 490 atque
459 423 539 473 etiam
547 422 660 490 adspice,
668 438 701 473 ne
709 438 772 473 mox

138 492 217 544 aliena
228 492 277 543 tibi
290 499 397 560 peccata
409 492 543 559 pudorem.

137 569 149 613 t
177 561 293 613 nondam
305 578 357 612 non
370 561 481 627 dignum
493 560 636 611 tradimus:
654 576 716 627 ergo

184 648 218 698 pa
230 637 336 698 premet,
349 630 474 698 deceptus
487 629 579 681 omitte
592 629 668 695 tueri,

149 707 249 765 notum,
262 699 300 750 si‘
312 706 417 751 tentent
429 699 547 763 crimina,
560 716 645 750 serves
738 700 772 750 80

148 774 194 821 tuo
206 768 330 820 fidentem
343 768 464 836 prasidio
471 787 479 831 ;
496 767 543 835 qui

138 838 213 889 onino
225 854 308 905 quum
320 836 527 903 circumroditur,
540 836 634 904 ecquid

145 906 235 976 paullo
247 913 359 959 ventura
369 906 488 975 pericula
500 906 599 957 sentisl

139 993 161 1028 es
173 975 269 1043 agitur,
281 976 366 1044 paries
378 992 461 1043 quum
473 975 608 1043 proximus
620 974 702 1040 ardet,

139 1063 148 1097 ι
160 1044 245 1097 solent
257 1044 379 1096 incendia
390 1060 491 1096 sumere
503 1044 579 1096 vires.

139 1114 228 1183 {pertis
240 1113 344 1165 cultura
355 1113 470 1181 potentis
483 1112 575 1165 amici:

139 1182 227 1236 uetuit.
263 1182 311 1249 Tu,
323 1182 386 1233 dum
398 1188 446 1233 tua
457 1181 532 1234 naris
544 1181 573 1232 in
586 1179 640 1232 alto
652 1186 700 1248 est,

140 1269 154 1304 e
165 1257 271 1304 mutata
282 1257 425 1303 retrorsum
437 1257 464 1303 te
475 1252 545 1302 ferat
556 1268 629 1303 aura.

139 1320 224 1373 larem
236 1321 324 1373 tristes
336 1321 490 1388 tristemque
498 1319 589 1387 jocosi,

139 1390 251 1456 aleres,a
270 1389 332 1441 ilem
343 1406 513 1457 gnavumque
524 1388 634 1456 remissi,
738 1390 772 1439 90

139 1457 200 1511 tali
210 1407 297 1511 atalia
308 1457 339 1511 dc
350 1467 421 1511 Μαι
433 1457 547 1511 Falerni

139 1533 246 1580 ›orrecta
258 1534 399 1595 negantem
411 1527 513 1595 pocula,
526 1526 646 1595 quamvis

139 1598 211 1665 jurcs
223 1603 250 1648 te
261 1596 402 1649 formidare
413 1613 528 1664 vapores.

140 1665 214 1718 rcilio
226 1665 337 1730 nubem;
355 1666 510 1735 plerumque
522 1666 654 1718 modestus

139 1735 214 1787 ›scuri
227 1736 347 1803 speciem,
358 1736 507 1788 taciturnus
519 1735 613 1789 acerbi.

139 1810 165 1856 ta
175 1803 246 1871 leges
258 1811 285 1856 et
297 1803 481 1872 percontabere
493 1804 590 1871 doctos,

139 1889 153 1924 e
165 1890 245 1941 queas
256 1873 393 1925 traducere
404 1873 499 1926 leniter
511 1891 613 1936 aevum;

139 1959 205 2010 nper
216 1942 292 2011 inops
304 1944 388 2010 agitet
399 1949 529 2009 vexetque
542 1943 645 2010 cupido,

139 2028 149 2063 r
160 2016 188 2063 et
199 2027 287 2063 rerum
298 2012 463 2064 mediocriter
476 2012 582 2063 utilium
595 2029 660 2080 spes,

139 2080 249 2132 loctrina
260 2087 342 2149 paret,
354 2088 482 2132 naturane
495 2080 582 2146 donet,
722 2081 771 2131 100

140 2155 170 2202 at
181 2166 264 2214 curas,
276 2150 339 2218 quid
351 2157 378 2202 te
390 2148 440 2201 tibi
451 2149 545 2201 reddat
556 2149 679 2216 amicum,

142 2219 304 2286 tranquillet,
317 2219 398 2270 honos
410 2236 445 2270 an
456 2217 533 2269 dulce
546 2218 680 2286 lucellum,

140 2305 168 2339 m
180 2288 231 2339 iter
243 2294 270 2340 et
282 2288 399 2340 fallentis
411 2288 504 2339 semita
516 2288 585 2340 vite.

139 2375 145 2407 ι
157 2356 241 2408 reficit
253 2356 356 2423 gelidus
367 2357 493 2423 Digentia
504 2357 584 2422 rivus,

140 2425 205 2477 ulela
217 2424 292 2493 bibit,
303 2443 413 2493 rugosus
424 2426 521 2492 frigore
533 2443 625 2494 pagus,

140 2511 162 2546 re
174 2494 269 2562 putasl
288 2495 351 2562 quid
364 2494 454 2560 credis,
466 2496 557 2561 amice,
569 2494 687 2563 precarii

141 2563 193 2615 uod
206 2580 276 2615 nunc
289 2570 335 2630 est,
348 2565 428 2615 etium
440 2564 543 2626 minus;
562 2571 589 2616 et
600 2566 666 2615 mihi
679 2564 767 2616 viram

140 2640 190 2683 rest
202 2632 258 2697 sevi,
272 2633 293 2684 si
306 2633 369 2700 quid
381 2650 513 2700 superesse
526 2633 619 2686 volunt
631 2634 683 2697 Di3

140 2701 239 2753 trorum
252 2707 281 2755 et
293 2703 402 2772 provisu
414 2703 499 2772 frugis
509 2703 542 2755 in
550 2719 655 2756 annum

296 2799 406 2836 snotnm.
437 2795 462 2834 Si
