2159 3309
345 190 397 245 138
663 183 817 236 Herculi

346 285 452 338 Dixeris
464 302 518 338 esse
530 286 608 350 satis;
626 303 719 354 neque,
731 287 811 354 siqui
823 286 921 338 scribat
933 292 964 338 ut

346 352 465 407 Sermoni
477 357 604 423 propiora,
616 365 693 424 putes
705 357 775 407 hunc
788 374 842 407 esse
854 358 964 423 po'e'tam

346 423 489 492 Ingenium
501 425 545 476 eui
557 425 598 490 sit,
611 426 653 476 cui
666 443 739 477 mens
751 425 863 475 divinior
876 432 955 491 atque

346 492 447 561 Magne
459 502 621 559 conaturum,
634 495 679 546 des
691 494 803 545 nominis
816 494 896 560 hujus
909 494 964 545 hon

347 562 449 614 idcireo
461 563 576 631 quidm,
589 564 715 615 eomoedia
726 580 808 614 necne
821 565 915 630 po'e'me

347 630 431 699 Esset,
444 632 600 698 quaesivere3
618 633 687 700 quod
700 650 759 684 acer
773 633 881 699 spiritus
893 648 924 683 ac
936 631 963 682 vi

346 698 374 753 N
374 717 403 752 ec
415 700 500 753 verbis
512 718 560 753 nee
571 701 649 753 rebus
660 702 736 768 inest,
748 701 800 752 nisi
812 702 880 768 quod
893 701 960 769 pede

347 767 443 821 Differt
452 770 571 836 sermoni,
584 788 667 823 sermo
678 788 773 823 merus.
809 772 823 799 ‘³
832 772 869 822 At
881 778 956 836 poter

349 838 438 907 flevit,
450 840 519 907 quod
530 841 665 892 meretrice
677 857 757 907 nepos
768 840 875 891 insanus
887 839 965 891 amics

349 906 434 960 Filius
445 926 555 961 uxorem
566 908 661 976 grandi
672 926 732 961 cum
744 908 804 961 dote
816 915 925 974 recuset,

349 975 445 1029 Ebrius
457 984 490 1044 et,
502 996 630 1046 magnum
641 978 711 1046 quod
723 978 842 1041 dedecus,
853 977 965 1029 ambulet

347 1044 458 1098 Noctem
470 1063 531 1099 cum
543 1048 669 1102 facibus.'’
703 1047 841 1115 Numquid
853 1046 965 1113 Pompor

348 1111 461 1167 Audiret
473 1115 577 1183 leviora,
589 1122 665 1185 pater
676 1116 698 1167 si
709 1115 826 1169 viveret?
861 1114 931 1182 Ergo

348 1180 409 1234 Non
421 1184 484 1235 satis
496 1190 536 1237 est
567 1186 621 1237 uris
633 1202 737 1238 versum
748 1183 905 1254 perscribere
917 1185 965 1236 ver'

349 1250 434 1315 Quem
446 1254 468 1305 si
480 1203 612 1321 dissoivas,
624 1255 710 1322 quivis
721 1254 898 1307 stomachetur
909 1254 965 1305 eod‹

349 1319 850 1460 diiffiiffississsiiiffitsffd}
860 1340 908 1443 25⁰
920 1340 965 1391 ‘¹¹²‘

736 1434 742 1458 5

348 1457 476 1527 Tempora
487 1468 560 1513 certa
570 1462 711 1529 modosque
723 1469 758 1528 et,
785 1462 836 1513 uod
849 1461 922 1529 prius
930 1478 965 1512 on

348 1525 481 1581 Posterius
493 1530 583 1596 facias,
595 1548 649 1599 pree
684 1548 748 1582 nens
790 1531 855 1582 tima
866 1531 966 1599 primis,

346 1592 374 1647 N
374 1612 415 1662 en,
427 1602 460 1648 ut
472 1596 494 1647 si
506 1595 598 1661 solvas,
610 1599 626 1625 “
656 1604 777 1667 ostquam
788 1599 925 1652 Discordia
937 1606 964 1654 te

347 1661 416 1716 Belli
427 1663 537 1716 senatos
550 1671 636 1732 postes
647 1672 787 1733 portasque
798 1663 930 1733 refregit,’'

348 1730 473 1785 Invenias
484 1733 566 1785 etiam
578 1734 681 1814 disjecti
693 1732 810 1787 membra
821 1736 914 1803 poetae.

347 1800 486 1855 Hactenus
498 1802 571 1855 haee:
588 1802 661 1869 chae,
670 1805 774 1872 justum
785 1803 821 1855 sit
832 1820 914 1855 necne
926 1806 966 1871 poi

347 1869 427 1923 Nunc
438 1870 506 1923 illud
518 1876 625 1925 tantum
638 1888 760 1939 quoeram,
772 1872 899 1924 meritone
911 1872 960 1924 tibi

348 1938 398 1992 Sus
448 1945 506 1992 tum
517 1958 601 2009 genus
612 1940 664 1993 hoc
676 1940 812 1994 scribendi.
847 1940 953 1993 Sulcius

348 1956 476 2063 Amieuclat
488 2016 515 2063 et
528 2010 645 2079 Caprius,
656 2010 729 2063 rauci
741 2010 810 2062 male
822 2026 933 2078 cumque
946 2010 965 2061 li

348 2075 463 2146 Magnus
474 2085 586 2148 uterque
597 2080 676 2132 timor
687 2079 847 2142 latronibus;
865 2086 894 2131 at
907 2079 966 2131 ben<

347 2145 384 2200 Et
396 2148 470 2199 vivat
480 2149 554 2217 puris
565 2149 694 2215 menibus,
707 2154 858 2201 contemnat
870 2156 966 2200 utrum·

348 2214 387 2268 Ut
399 2217 433 2268 sis
445 2222 476 2268 tu
488 2217 581 2269 similis
593 2218 657 2270 Gaeli
665 2216 737 2269 'Birri
755 2234 788 2269 ue
800 2216 941 2283 latronum,

347 2283 408 2337 Non
420 2301 468 2352 ego
480 2302 539 2337 sum
551 2287 629 2355 Capri
640 2304 659 2339 n
691 2304 725 2339 ue
737 2235 823 2339 inci:
841 2303 888 2337 eur
899 2292 966 2338 mett

347 2350 430 2405 Nulla
442 2352 551 2406 taberna
561 2372 632 2407 meos
644 2304 740 2408 herimot
751 2372 835 2422 neque
848 2355 903 2422 pila
914 2355 966 2408 libe

349 2421 415 2485 Quis
427 2438 521 2474 manus
532 2423 639 2476 insudet
650 2423 725 2492 vulgi
737 2424 962 2491 Hermogenisque

347 2490 403 2544 Nec
414 2491 496 2544 recito
508 2492 632 2559 cuiquam
644 2493 696 2544 nisi
707 2493 805 2559 amicis,
817 2494 897 2561 idque
909 2511 967 2545 coac

347 2562 408 2618 Non
420 2565 506 2618 ubivis
518 2584 638 2619 coramve
650 2565 817 2635 quibuslibet.
852 2569 867 2595 “
875 2567 907 2618 In
920 2586 967 2618 me·

345 2633 452 2704 Scripta
463 2635 520 2689 foro
531 2637 652 2704 recitent,
663 2641 727 2687 sunt
736 2635 817 2687 inuiti
828 2636 927 2702 quique
938 2638 966 2687 le

334 2702 428 2762 snare
439 2706 517 2764 iocus
530 2707 592 2764 roci
604 2714 714 2761 resonat
725 2703 885 2757 coccineum*
923 2703 967 2749 in.
