2159 3309
164 300 216 354 236
481 295 635 350 nonam

163 399 301 468 Signatum
313 403 440 468 praesente
451 407 514 453 nota
525 401 667 469 producere
678 418 781 456 nomen

163 468 201 520 Ut
213 469 285 521 silvae
296 469 365 521 foliis
378 487 470 537 pronos
483 478 621 521 mutantur
632 470 660 521 in
672 488 761 534 annos,

164 536 252 589 Prima
264 538 375 601 cadunt余
394 539 432 590 ita
444 537 581 589 verborum
593 545 669 590 vetus
681 540 773 591 interit
785 543 851 606 aetas,

163 605 199 658 Et
207 608 335 673 juvenum
347 607 401 657 ritu
412 606 505 659 florent
517 607 593 658 modo
604 612 668 659 nata
681 608 828 675 vigentque

163 674 294 727 Debemur
306 676 382 726 morti
395 692 441 727 nos
453 682 607 742 nostraque余
625 676 679 727 sive
691 685 811 744 receptus

164 744 243 797 Terra
254 744 393 811 Neptunus
406 744 498 795 classes
509 744 674 811 aquilonibus
686 752 765 811 arcet,

165 812 243 880 Regis
255 829 327 879 opus,
341 813 467 864 sterilisve
479 813 524 863 diu
534 812 610 880 palus
622 820 737 879 aptaque
748 815 825 866 remis

165 880 271 933 Vicinus
283 879 358 931 urbes
371 881 419 932 alit
431 888 457 932 et
470 898 548 947 grave
561 882 640 933 sentit
653 888 778 948 aratrum,

164 949 216 1002 Seu
229 965 333 1001 cursum
345 951 458 1001 mutavit
470 950 589 1017 iniquum
601 950 720 1016 frugibus
732 951 818 1003 amnis

164 1018 263 1071 Doctus
275 1017 326 1069 iter
336 1018 436 1083 melius,
448 1018 569 1069 mortalia
581 1018 652 1070 facta
664 1019 796 1085 peribunt,

164 1087 268 1139 Nedum
280 1103 426 1138 sermonum
438 1094 490 1138 stet
502 1087 582 1138 honos
595 1093 622 1138 et
634 1087 720 1153 gratia
732 1088 819 1141 vivax.

165 1155 253 1208 Multa
264 1162 439 1220 renascentur,
451 1172 508 1223 quae
517 1157 574 1223 jam
586 1156 708 1221 cecidere,
722 1157 864 1225 cadentque

165 1225 227 1289 Qua
239 1241 310 1276 nunc
323 1225 424 1276 suntin
436 1223 532 1276 honore
545 1224 677 1289 voeabula,
691 1226 713 1275 si
725 1225 796 1277 volet
809 1242 872 1288 usus,

166 1294 249 1357 Quem
260 1310 338 1361 penes
350 1292 488 1345 arbitrium
499 1299 539 1344 est
550 1299 578 1344 et
586 1294 630 1359 jus
643 1299 669 1345 ct
681 1310 772 1345 norma
784 1290 894 1363 loquendi

166 1362 217 1415 Res
228 1369 308 1430 gestae
320 1378 461 1430 regumque
474 1362 624 1428 ducumque
636 1368 663 1414 et
675 1362 762 1413 tristia
774 1363 843 1416 bella

166 1431 223 1495 Quo
236 1430 311 1482 scribi
324 1438 427 1498 possent
439 1447 554 1496 numero,
566 1430 721 1482 monstravit
735 1432 868 1484 Homerus

166 1499 289 1552 Versibus
301 1500 436 1566 impariter
444 1499 545 1567 junctis
557 1499 718 1567 qucrimonia
731 1501 853 1569 primum,

166 1567 229 1621 Post
241 1568 321 1620 etiam
332 1567 434 1620 inclusa
446 1574 485 1619 est
497 1568 552 1619 voti
564 1568 695 1620 sententia
706 1584 818 1637 compos.

167 1637 231 1702 Quis
243 1643 331 1688 tamen
344 1636 451 1702 exiguos
463 1636 548 1703 elegos
560 1637 674 1689 emiserit
686 1645 785 1703 auctor,

168 1705 336 1759 Grammatici
348 1711 450 1757 certant
463 1712 490 1757 et
501 1705 588 1757 adhuc
601 1706 747 1773 subjudice
759 1706 792 1759 lia
804 1712 850 1760 est.

167 1774 352 1827 Archilochum
364 1775 467 1841 proprio
479 1774 563 1826 rabies
575 1775 687 1826 armavit
700 1774 802 1838 iambo余

168 1844 246 1897 Hunc
258 1842 325 1895 socci
337 1859 427 1910 cepere
439 1843 531 1911 pedem
543 1844 704 1911 grandesque
717 1844 845 1912 cothurni,

168 1912 284 1965 Alternis
296 1917 387 1979 aptum
400 1911 559 1963 sermonibus
571 1918 598 1964 et
610 1912 748 1980 populares

168 1980 321 2033 Vincentem
336 1981 460 2047 strepitus
472 1987 499 2032 et
511 1988 604 2033 natum
615 1980 692 2033 rebus
704 1982 820 2048 agendis.

169 2050 247 2103 Musa
258 2050 330 2101 dedit
342 2049 437 2101 fidibus
449 2050 521 2101 diros
534 2067 678 2117 puerosque
691 2051 812 2115 Deorum,

169 2120 204 2172 Et
217 2119 333 2188 pugilem
344 2119 468 2171 victorem
480 2126 507 2169 et
519 2135 615 2186 equum
628 2119 770 2170 certamine
782 2120 889 2188 primum

170 2188 206 2240 Et
213 2191 342 2256 juvenum
354 2204 428 2239 curas
440 2193 467 2239 et
479 2187 561 2239 libera
573 2188 635 2239 vina
646 2188 749 2239 referre.

170 2256 319 2325 Descriptus
332 2273 433 2309 servare
445 2256 513 2307 vices
525 2273 684 2324 operumque
697 2257 793 2308 colores

171 2326 223 2378 (lur
235 2343 282 2393 ego
295 2326 315 2377 si
328 2342 427 2393 nequeo
439 2326 580 2393 ignoroque
592 2328 670 2392 poeta
682 2325 797 2377 salutorl

171 2396 223 2448 Gur
234 2396 332 2448 nescire
344 2397 444 2464 pudens
456 2412 535 2463 prave
548 2410 627 2461 quam
640 2394 737 2445 discere
749 2393 835 2447 malol

172 2463 295 2516 Versibus
307 2466 402 2533 exponi
414 2465 520 2530 tragicis
532 2481 573 2515 res
585 2463 683 2515 comica
695 2479 748 2513 non
760 2465 834 2526 vult余

173 2533 330 2600 Indignatur
342 2535 405 2585 item
417 2534 526 2601 privatis
538 2549 569 2585 ac
581 2549 659 2600 prope
672 2548 745 2583 socco

172 2603 266 2669 Dignis
278 2602 434 2654 carminibus
447 2602 546 2653 narrari
556 2619 629 2653 coena
641 2600 769 2666 Thyesten.

173 2670 283 2738 Singula
295 2688 403 2739 quaeque
415 2672 501 2723 locum
513 2676 620 2722 teneant
633 2669 724 2720 sortita
736 2670 861 2722 decenter.

163 2740 307 2796 Interdum
321 2747 411 2795 tamen
425 2746 452 2795 et
463 2756 556 2794 vocem
566 2738 692 2791 comoedia
701 2738 782 2803 tollit,

151 2809 303 2887 flatusque
317 2814 448 2871 Chremes
460 2811 568 2870 tumido
580 2807 706 2874 delitigat
716 2822 778 2867 ore,
