2159 3309
303 297 555 351 EPISTOLARUM
574 298 613 350 11.
632 303 657 351 2.
820 296 870 345 229

139 396 226 450 stalla
236 396 309 449 vides
321 397 434 448 humane
447 397 587 448 commoda.
599 425 635 435 -
646 396 745 447 Verum
835 397 867 448 70

139 485 160 519 ae
172 472 235 518 sunt
246 465 347 533 pluteae,
360 466 427 517 nihil
440 472 469 516 ut
481 465 669 516 meditantibus
682 465 773 516 obstet.
786 492 822 503 -

139 536 203 587 tinet
214 534 314 586 calidus
326 534 404 584 mulis
416 534 563 601 &gerulisque
575 534 729 599 redemptor,

139 609 196 672 puet
207 619 278 653 nunc
289 601 410 669 lapidem,
421 619 491 653 nunc
503 602 595 668 ingens
607 602 729 653 machina
738 601 850 668 tignum,

139 673 180 724 tia
190 670 302 722 robustis
314 670 449 722 luctantur
460 671 553 721 funera
565 670 696 737 plaustris,

139 739 257 792 scabiosa
267 739 338 806 fugit
349 740 428 804 canis,
440 739 490 790 hac
501 738 634 791 lutulenta
645 740 701 790 ruit
712 755 768 790 sus:

139 826 181 861 mc
192 812 220 860 et
231 824 319 859 versus
330 813 417 859 tecum
429 808 555 859 meditare
567 824 679 859 canoros.

141 884 244 945 ptorum
255 876 348 927 chorus
360 876 443 927 omnis
455 882 526 927 amat
538 893 630 927 nemus
642 882 668 927 et
680 875 751 942 fugit
763 874 861 941 urbem,

139 964 146 998 s
157 946 237 998 cliens
249 944 346 996 Bacchi
359 962 447 996 somno
459 944 598 1011 gaudentis
610 950 637 995 et
649 945 755 996 umbra:

139 1031 176 1066 ms
188 1014 257 1065 inter
269 1014 393 1080 strepitus
405 1022 543 1065 nocturnos
556 1020 635 1079 atque
647 1013 753 1063 diurnos

143 1099 234 1135 canere
246 1087 273 1132 et
285 1088 418 1133 contracte
430 1082 503 1148 sequi
515 1082 626 1148 vestigia
638 1080 746 1132 vntnml
833 1083 867 1132 80

139 1152 231 1217 eninm,
243 1149 293 1202 sibi
304 1150 373 1218 quod
385 1168 480 1202 vacuas
493 1150 637 1217 desumpsit
650 1149 774 1214 Athenas,

139 1220 223 1272 studiis
235 1235 316 1271 annos
329 1225 428 1286 septem
440 1219 512 1270 dedit
524 1219 691 1285 insenuitque

139 1289 167 1341 ris
179 1295 207 1341 et
218 1288 295 1353 curis,
308 1293 396 1340 statua
408 1288 566 1340 taciturnius
578 1288 634 1339 exit

139 1374 241 1425 :umque
252 1363 280 1408 et
291 1356 346 1408 risu
357 1356 483 1425 populum
496 1357 597 1423 quatit3
615 1356 658 1406 hic
670 1372 718 1421 ego
729 1372 816 1407 rerum

139 1426 219 1478 ctibus
230 1426 259 1477 in
270 1425 363 1477 mediis
375 1433 402 1477 et
414 1425 613 1493 tempestatibus
626 1424 695 1474 urbis

139 1494 170 1547 ba
181 1495 245 1562 lyrae
256 1500 360 1546 motura
372 1511 463 1545 sonum
475 1500 627 1546 connectere
639 1491 748 1559 dignerl

139 1569 175 1615 ter
186 1568 242 1615 erat
255 1562 344 1614 Romae
356 1563 467 1615 consulti
479 1563 574 1628 rhetor,
588 1567 618 1614 ut
629 1562 696 1613 alter

139 1632 199 1683 erius
211 1648 327 1683 sermone
338 1649 421 1684 meros
433 1632 536 1683 audiret
548 1631 664 1696 honores,

139 1701 217 1753 ochus
228 1705 260 1751 ut
271 1700 315 1751 hic
325 1700 374 1765 illi,
385 1700 452 1752 foret
464 1700 525 1751 huic
538 1706 569 1751 ut
581 1700 685 1751 Mucius
697 1698 749 1751 ille

148 1769 234 1820 minus
246 1775 351 1835 argutos
363 1774 442 1821 vexat
453 1769 526 1821 furor
536 1769 586 1820 iste
599 1767 705 1835 poetasl
833 1770 867 1819 90

139 1838 205 1889 mina
216 1853 348 1905 compono,
359 1838 403 1889 hic
415 1838 507 1904 elegos.
543 1837 557 1864 “
566 1835 686 1888 Mirabile
698 1835 756 1888 visu

139 1913 262 1973 utumque
273 1923 366 1957 novem
379 1906 461 1957 Musis
473 1923 537 1973 opus
546 1905 569 1960 !'’
587 1905 699 1972 Adspice
711 1906 832 1973 primum,

139 1980 188 2027 nto
200 1991 261 2026 cum
273 1974 352 2040 fastu,
364 1982 461 2041 quanto
473 1974 607 2025 molimine
620 1975 730 2024 circum·

139 2050 229 2096 :temus
241 2059 351 2095 vacuam
365 2044 488 2094 Romanis
500 2042 604 2094 vatibus
617 2042 713 2103 aedem3
761 2052 765 2059 ·

139 2130 149 2164 ι
160 2113 247 2177 etiam,
260 2112 282 2163 si
294 2112 361 2163 forte
373 2129 456 2177 vaces,
469 2128 576 2179 sequere
588 2117 614 2161 et
626 2111 715 2178 procul
728 2111 798 2178 audi,

139 2181 233 2233 dierat
245 2185 272 2232 et
283 2197 364 2247 quare
376 2181 425 2231 sibi
437 2186 526 2232 nectat
539 2186 647 2247 uterque
659 2196 792 2233 coronam:

139 2249 215 2301 limur
226 2254 253 2301 et
264 2250 375 2300 totidem
387 2250 471 2317 plagis
483 2249 658 2301 consumimus
670 2248 772 2300 hostem

139 2324 167 2369 ,to
179 2317 308 2370 Samnites
320 2318 354 2369 ad
366 2318 468 2369 lumina
479 2318 565 2385 prima
577 2317 670 2368 duello.

139 2386 195 2438 sedo
207 2386 310 2437 Alenus
321 2393 419 2454 puncto
431 2387 517 2449 iliius;
535 2386 581 2437 ille
592 2402 650 2438 meo
662 2385 737 2453 quisl

139 2455 213 2507 snisi
225 2455 416 2507 Callimachusl
434 2456 462 2507 si
474 2456 533 2524 plus
546 2471 684 2523 apposcere
696 2454 774 2522 visus,
819 2458 868 2506 100

143 2524 323 2586 Mimuermus,
337 2531 364 2574 et
377 2524 466 2591 optivo
478 2525 633 2590 cognomine
645 2526 746 2579 crescit.

139 2590 174 2643 lta
184 2590 246 2652 iero,
258 2596 289 2641 ut
301 2590 401 2657 placem
413 2607 495 2657 genus
508 2589 634 2642 irritabile
646 2598 745 2654 vatum,

139 2676 174 2711 sm
186 2658 268 2710 scribo
279 2664 306 2709 et
318 2659 428 2726 supplex
440 2659 530 2727 populi
543 2659 666 2726 suffragia
678 2667 762 2727 capto,

139 2744 166 2791 n,
178 2727 262 2777 linitis
272 2727 367 2777 studiis
379 2734 406 2778 et
417 2736 506 2780 mente
517 2734 632 2797 recepta,

139 2808 200 2842 nem
207 2793 319 2857 patulas
329 2794 443 2863 impune
454 2798 613 2868 legentibus
625 2814 717 2852 aures.
