2159 3309
169 306 204 358 36
482 304 634 357 HORATII

277 514 425 570 canunt<
443 514 547 567 V.-s1>
561 528 715 566 surroamr
729 527 835 569 masor

241 626 365 681 Nounurs
379 624 486 679 subacta
498 624 566 676 ferre
574 626 672 693 jugum
684 622 755 675 valet

242 697 355 763 Cerviee,
367 708 484 748 nonnum
495 695 587 745 munia
599 693 726 761 comparis

275 765 398 885 AEpuare,
406 781 454 818 nec
463 765 534 815 tauri
546 763 645 815 ruentis

326 852 343 887 n
356 834 485 887 Venerem
497 833 607 885 tolerare
620 832 730 901 pondus.

241 903 316 956 Circa
328 904 441 956 virentes
454 912 494 955 est
505 904 608 954 animus
621 909 674 953 tuae

242 974 351 1041 Campos
359 976 487 1042 juvencae,
500 989 571 1024 nunc
583 972 670 1023 fluviis
682 986 791 1038 gravem

276 1042 389 1094 Solantis
402 1049 501 1107 aestum,
516 1058 587 1093 nunc
600 1041 627 1091 in
639 1040 691 1092 udo

310 1109 411 1161 Ludere
422 1127 482 1162 cum
494 1110 587 1161 vitulis
599 1112 690 1162 salicto

241 1175 443 1245 Praegestientis.
479 1177 551 1230 Tolle
564 1178 714 1244 cupidinem

240 1246 353 1300 Immitis
365 1264 439 1299 uvae:
454 1248 511 1315 jam
523 1245 571 1297 tibi
585 1246 678 1297 lividos

272 1315 425 1383 Distinguet
437 1320 587 1366 Autumnus
599 1331 712 1367 racemos

309 1381 443 1451 Purpureo
455 1382 543 1434 varius
555 1381 645 1433 colore.

91 1474 170 1521 ‚w
177 1449 302 1522 „sudam
315 1457 342 1502 te
354 1456 489 1516 sequetur:
507 1450 590 1501 currit
602 1451 672 1501 enim
684 1451 758 1501 ferox

238 1518 314 1571 AEtas
326 1528 352 1570 et
365 1520 412 1584 illi,
425 1537 487 1587 quos
500 1518 549 1570 tibi
562 1519 709 1587 dempserit,

272 1588 395 1657 Apponet
407 1605 489 1640 annos
496 1606 503 1650 ;
517 1589 575 1655 jam
587 1597 708 1655 proterva

307 1656 405 1709 Fronte
417 1665 489 1725 petet
502 1657 563 1709 Lala
584 1658 748 1710 emeritum:

237 1724 348 1791 Dilecta,
362 1734 491 1793 quantum
504 1743 556 1777 non
566 1675 666 1779 l>holoe
679 1727 771 1793 fugax,

239 1794 264 1847 N
266 1812 299 1846 on
313 1795 412 1847 Chloris
424 1796 482 1847 albo
496 1796 531 1848 sic
544 1795 651 1847 humero
663 1797 758 1862 nitens,

272 1864 309 1916 Ut
321 1882 388 1933 pura
400 1873 528 1916 nocturno
540 1866 643 1917 renidet

306 1933 381 1985 Luna
392 1934 466 2000 mari,
479 1934 618 1986 Cnidiusve
631 1934 724 2001 Gyges,

236 2001 319 2066 Quem
332 2002 354 2054 si
366 2003 512 2070 puellarum
526 2005 649 2056 insereres
661 2004 747 2071 choro,

235 2070 303 2125 Mire
316 2066 420 2139 sagaces
433 2072 534 2126 falleret
548 2074 662 2142 hospites

76 2130 173 2219 why
185 2166 251 2191 arm
268 2140 415 2194 Discrimen
428 2142 566 2195 obscurum
578 2142 670 2195 solutis

76 2196 157 2260 selu&
169 2197 232 2292 A'(
306 2210 426 2264 Crinibus
438 2213 613 2281 ambiguoque
625 2211 710 2265 vultu.

326 2378 474 2434 GARMEN
492 2380 612 2434 VL-sn
625 2395 792 2433 surruuruu.

76 2475 209 2535 fiam--
233 2485 360 2554 aarum,
374 2490 459 2543 Gades
471 2508 487 2543 a
506 2491 515 2542 i
528 2508 575 2549 ure
586 2508 691 2542 mecum
702 2496 730 2543 et

76 2570 112 2628 ᾗ·
122 2541 188 2647 “ff
233 2557 392 2611 Cantabrum
405 2578 434 2611 1n
453 2578 482 2612 oc
505 2577 541 2641 rm
549 2558 617 2628 juga
628 2561 695 2612 ferre
707 2565 796 2612 nostra
808 2569 835 2613 et

77 2631 95 2653 ff
103 2624 129 2655 θ’
150 2636 154 2643 ’
232 2624 360 2680 Barbarae
373 2629 469 2696 Syrtes,
482 2629 528 2680 ubi
540 2629 636 2681 Maura
648 2646 749 2698 semper

83 2717 208 2799 aa
231 2764 312 2817 uibar
323 2698 541 2835 difigsddaplolllddi
550 2767 640 2820 colono

231 2834 273 2913 Sit
283 2852 348 2888 mese
361 2836 433 2890 sedes
444 2837 549 2888 utinam
562 2844 680 2905 senectae,
