2159 3309
298 266 552 321 EPISTOLARUM
572 267 610 319 ll.
632 272 653 318 l.
814 271 864 322 iil

113 373 189 422 tutus
201 369 235 422 ad
248 370 382 440 exemplar
394 369 477 423 Siculi
489 387 627 439 properare
639 371 798 438 Epicharmi,

113 456 188 492 ncere
201 439 318 492 Oaecilius
330 440 468 507 gravitate,
481 440 618 491 Terentius
629 448 695 497 arte.

113 508 239 561 uediseh
251 508 405 561 ethos'arto
418 509 451 560 sti
471 515 516 560 ata
528 509 632 561 theatro
834 512 868 560 60

113 583 185 629 octat
198 577 281 629 Roma
291 584 399 646 potens;
416 527 497 629 hahet
508 577 555 629 hos
566 583 739 646 numeratque
751 580 843 646 podtas

113 646 121 697 l
132 651 252 699 nostrum
263 651 368 715 tempus
380 646 440 699 hivi
453 647 588 715 scriptoris
600 647 633 698 ab
648 664 712 701 aevo.

113 715 217 768 tardum
228 714 324 783 augus
335 723 437 768 rectum
449 716 529 782 videt,
543 722 583 768 est
594 716 640 768 nbi
652 723 753 785 peccat.

119 791 218 837 vetares
230 784 269 837 ita
280 784 392 836 miratur
404 785 548 851 laudatque
560 787 659 853 po'e'tas,

113 853 195 906 anihil
206 853 344 920 anteferat,
357 853 425 905 nihil
437 853 490 905 illis
503 860 650 921 comparet;
669 862 752 909 errat:

120 922 239 991 quadam
249 922 328 974 nimis
339 923 456 990 antique,
469 923 491 974 si
503 923 627 990 pleraque
639 924 704 976 dure

113 994 170 1043 uere
182 990 265 1044 eredit
277 1008 327 1058 eos,
339 992 434 1058 ignare
447 992 533 1043 multa
544 992 650 1057 fatetur,

113 1060 195 1129 rsapit
207 1065 234 1112 et
245 1077 349 1116 meeum
360 1061 426 1113 facit
438 1067 465 1112 et
477 1061 545 1113 Jove
553 1060 658 1127 judicat
670 1078 751 1129 aequo.

113 1145 138 1182 >n
149 1129 270 1197 equidem
281 1130 394 1181 insector
406 1129 568 1197 delendaque
580 1130 697 1182 carmina
709 1130 768 1182 Livi

113 1214 142 1250 aa
151 1215 215 1264 reor,
227 1198 336 1250 memini
347 1215 407 1266 quaa
419 1198 556 1266 plagosum
568 1199 635 1249 mihi
647 1216 727 1266 parvo
833 1201 866 1253 70

113 1266 207 1320 tilium
219 1267 333 1330 dictare3
351 1268 396 1319 sed
408 1268 549 1319 emendata
560 1267 643 1319 videri

113 1335 244 1404 rlchraque
256 1342 283 1388 et
295 1336 394 1388 exactis
406 1337 547 1387 minimum
559 1336 686 1388 distantia
697 1337 792 1400 miror;

113 1410 152 1458 tor
164 1421 222 1473 quae
235 1405 343 1457 verbum
355 1406 463 1457 emicuit
475 1406 497 1457 si
509 1412 578 1458 torte
589 1405 719 1472 decorum,
731 1416 758 1459 et

119 1490 207 1527 amaus
219 1474 309 1542 paullo
320 1475 471 1526 concinnior
482 1492 552 1526 unus
564 1481 592 1526 et
603 1475 677 1540 alter,

113 1544 179 1611 juste
190 1548 277 1597 totum
289 1543 363 1596 ducit
375 1544 519 1610 venditque
531 1546 632 1611 poema

113 1612 206 1681 dignor
217 1612 360 1732 qnidfluam
371 1612 534 1681 reprehendi,
547 1629 600 1664 non
613 1613 676 1680 quia
687 1630 772 1665 crasse

113 1683 257 1751 unpositum
268 1682 278 1733 i
300 1682 408 1750 epideve
420 1689 536 1749 putetur,
550 1682 595 1733 sed
607 1683 670 1750 quia
681 1700 782 1751 nuper;

113 1765 134 1804 te
144 1752 248 1804 veniam
260 1750 384 1818 antiquis,
397 1752 442 1803 sed
453 1752 577 1803 honorem
590 1758 617 1803 et
630 1753 738 1819 praemia
750 1752 828 1819 posci.

113 1826 159 1872 tote
170 1837 253 1872 neone
266 1837 369 1871 crocum
382 1820 508 1887 floresque
520 1821 685 1887 perambulet
697 1821 769 1873 Attae

113 1888 179 1942 rbula
191 1890 212 1941 ei
225 1888 351 1955 dubitem,
365 1889 479 1941 clament
491 1891 598 1957 periisse
610 1890 736 1958 pudorem
833 1892 867 1942 80

113 1960 173 2011 rncti
184 1974 259 2027 paene
271 1965 365 2026 patres,
378 1975 409 2009 ea
420 1975 502 2025 quum
514 1958 703 2025 reprehendere
715 1975 799 2025 coner,

113 2044 142 2079 ιω
153 2028 242 2095 gravia
254 2026 374 2096 AEsopus,
387 2044 444 2094 quae
457 2028 550 2079 doctus
564 2028 671 2079 Roscius
684 2028 752 2094 egit:

113 2096 128 2149 d
140 2098 202 2166 quia
214 2097 253 2148 nil
265 2105 373 2161 rectum,
386 2097 437 2148 nisi
450 2097 519 2164 qnod
531 2096 633 2164 placuit
645 2097 701 2161 sibi,
714 2097 823 2164 ducunt,

112 2165 127 2218 d
139 2167 201 2235 quia
212 2172 243 2218 tu
276 2184 290 2217 e
302 2172 399 2233 putant
411 2183 501 2234 parere
512 2166 657 2217 minoribus
669 2173 696 2217 et
708 2183 766 2233 qua

113 2233 210 2287 rberbes
222 2235 249 2286 di
270 2237 342 2301 cere,
355 2252 428 2287 senes
440 2234 573 2303 perdenda
584 2234 669 2286 fateri

113 2321 141 2356 m
153 2304 254 2357 Saliare
265 2304 358 2355 Numae
372 2321 476 2356 carmen
489 2304 534 2371 qui
547 2303 639 2355 laudat
651 2309 678 2355 et
689 2302 765 2371 illud,

113 2373 154 2427 rod
165 2390 269 2425 mecum
281 2374 393 2440 ignorat,
405 2373 475 2425 solus
487 2373 547 2424 vult
559 2373 624 2425 scire
636 2373 727 2439 videri,

113 2443 197 2511 geniis
208 2459 262 2494 non
273 2443 319 2494 ille
331 2442 403 2495 favet
415 2442 572 2511 plauditque
584 2442 702 2509 sepultis,

113 2519 175 2564 »stra
186 2511 232 2563 sed
243 2512 392 2580 impugnat,
403 2528 450 2563 nos
461 2518 603 2577 nostraque
614 2511 710 2563 lividus
722 2511 785 2565 odit.

113 2580 153 2634 rod
164 2580 187 2633 si
199 2586 254 2632 tam
267 2581 363 2632 Gracia
375 2582 478 2632 novitas
489 2581 575 2632 inrisa
586 2581 680 2633 suimet
835 2585 870 2634 90

113 2667 164 2702 uam
176 2649 258 2716 nobis,
267 2650 332 2718 quid
343 2667 415 2702 nunc
427 2657 495 2702 esset
507 2649 600 2702 retusi
619 2658 666 2702 aut
678 2648 741 2718 quid
754 2649 869 2719 haberet,

113 2719 152 2769 rod
163 2718 264 2783 legeret
277 2725 424 2787 tereretque
437 2718 539 2772 viritim
550 2718 675 2789 publicus
684 2718 766 2772 usust

113 2784 232 2847 primum
240 2788 341 2853 positis
352 2790 456 2860 nugari
469 2790 576 2847 Graecia
585 2788 670 2846 hellis
