2159 3309
229 264 481 321 EPISTOLARUM
500 263 523 315 I.
544 268 583 315 16.
747 267 799 321 209

140 390 175 425 rm
187 372 284 424 laudes.
321 371 400 437 Quid,
414 373 433 423 si
447 371 594 423 rubicunda
606 370 713 438 benigni

142 460 199 510 pres
212 451 239 494 et
251 459 336 509 pruna
348 441 451 492 fcrenti
470 442 490 492 si
504 459 614 508 quercus
627 448 653 492 et
665 442 718 491 ilex

140 528 190 579 ugo
202 529 289 578 pecus,
302 510 387 561 multa
399 511 535 561 dominum
544 512 622 577 juvet
635 509 743 562 umbrai
769 512 802 560 10

140 581 249 631 ductum
262 580 368 648 propius
380 580 500 631 frondere
513 580 663 631 Tarentum.

140 666 174 701 tm
186 650 243 700 rivo
255 648 317 700 dare
330 666 424 699 nomen
436 649 553 714 idoneus,
565 655 597 700 ut
609 665 657 699 nec

140 735 144 747 ·
156 717 285 769 Thracam
297 734 346 769 nec
358 719 447 785 purior
458 718 558 769 ambiat
571 717 683 782 Hebrus,

140 787 215 855 rapiti
227 786 286 838 fluit
299 786 379 852 utilis,
394 786 466 838 utilis
478 786 544 838 alvo.

141 873 184 908 >ras
197 855 293 921 dulces,
304 856 392 921 etiam,
404 855 427 906 si
439 856 529 921 credis,
543 873 659 920 amoenae,

141 942 175 977 tm
188 924 238 976 tibi
248 942 291 976 me
302 931 431 993 praestant
443 923 639 992 Septembribus
650 924 728 978 horis.

146 994 220 1060 rivis,
233 994 255 1046 si
268 1011 343 1045 curas
355 1010 410 1045 essa
422 994 491 1060 quod
503 994 586 1045 audis.

141 1063 318 1131 sjampridem
330 1063 414 1115 omnis
427 1069 453 1114 ta
466 1062 549 1113 Roma
561 1062 682 1126 beatum

141 1149 171 1199 rr,
183 1149 216 1184 ue
229 1133 272 1183 cui
285 1132 317 1183 de
329 1138 356 1183 te
369 1132 519 1199 plusquam
533 1130 581 1182 tibi
594 1132 691 1199 credas,

141 1218 173 1253 res
185 1201 267 1253 alium
279 1201 397 1269 sapiente
409 1201 527 1268 bonoque
540 1201 659 1264 beatium
768 1203 802 1254 20

141 1287 153 1322 s
164 1270 277 1339 populus
290 1287 383 1322 sanum
394 1276 515 1336 recteque
527 1269 659 1321 valentem

144 1339 274 1391 occultam
286 1339 385 1391 febrem
397 1338 444 1390 sub
455 1345 561 1407 tempus
573 1338 667 1390 edendi

140 1425 174 1473 es,
187 1408 269 1460 donoc
280 1407 401 1459 manibus
413 1414 510 1460 tremor
521 1408 622 1459 incidat
634 1406 730 1461 unctis.

141 1495 159 1528 n
172 1478 292 1529 incurata
304 1478 388 1545 pudor
399 1477 484 1529 malus
496 1477 585 1529 rrlcera
597 1476 672 1530 celat

142 1546 193 1598 ella
205 1546 255 1598 tibi
267 1554 336 1598 terra
349 1553 468 1614 pugnata
478 1547 597 1615 marique

141 1634 143 1665 a
156 1615 197 1667 his
209 1615 295 1667 verbis
307 1631 404 1666 vacuas
417 1614 579 1679 permulceat
591 1631 676 1677 aures,

141 1683 202 1750 ragis
215 1683 316 1735 salvum
329 1683 441 1751 populus
454 1682 525 1748 velit,
538 1700 573 1733 an
586 1682 714 1749 populum
725 1687 765 1748 tu,

141 1771 145 1802 ι
158 1751 289 1819 ambiguo,
302 1752 348 1819 qui
361 1750 474 1803 consulit
483 1758 510 1803 et
522 1751 572 1804 tibi
584 1757 611 1802 et
623 1750 690 1816 urbi,

142 1820 156 1843 ”
175 1821 288 1887 Augusti
301 1821 390 1872 laudes
403 1838 542 1887 agnoscere
553 1820 635 1887 possis
646 1837 652 1871 ;

141 1887 211 1941 ueris
223 1888 326 1955 sapiens
338 1890 544 1955 emendatusque
556 1888 650 1950 vocari,
764 1888 799 1937 30

141 1974 195 2009 sane
207 1963 263 2017 tuo,
275 1956 318 2009 dic
329 1956 409 2022 sodes,
421 1956 542 2008 nominet
563 1957 578 1985 ‘⁴
587 1956 687 2020 Nempe

142 2044 154 2078 s
166 2033 193 2078 et
205 2026 319 2094 prudens
331 2025 384 2077 dici
396 2025 509 2078 delector
520 2042 568 2093 ego
580 2042 611 2075 ac
624 2024 677 2075 tu.”

141 2103 150 2147 t
161 2095 210 2147 hoc
222 2095 306 2162 hodie,
319 2112 382 2160 cras,
394 2095 416 2146 si
428 2095 505 2161 volet,
518 2095 626 2156 auferet,
636 2098 667 2143 ut
677 2091 700 2144 si

141 2165 237 2216 Ausees
249 2165 365 2231 indigno,
376 2164 497 2217 detrahet
509 2163 585 2215 idem.

141 2248 220 2283 noum
232 2232 294 2296 est,’'
307 2232 403 2299 inquit.
440 2231 523 2296 Pono,
536 2228 672 2295 tristisque
683 2225 784 2280 recedo.

142 2299 229 2351 :lamet
241 2298 333 2362 furem,
345 2302 425 2363 neget
436 2313 490 2347 esse
503 2295 637 2363 pudicum

141 2375 161 2421 ιι
172 2367 265 2435 laqueo
277 2365 374 2417 collum
386 2364 506 2432 pressisse
518 2370 672 2431 pateruum3

146 2435 290 2505 opprobriis
302 2434 374 2486 falsis
386 2441 537 2501 mutemque
549 2431 663 2484 colores?

142 2524 197 2559 >nor
202 2508 282 2573 jurat
291 2510 318 2555 et
326 2503 439 2554 mendax
449 2502 559 2553 infamia
569 2508 650 2554 terret
664 2498 755 2568 [quisi
766 2502 802 2551 40

142 2577 160 2627 si
172 2574 326 2627 mendosum
338 2579 366 2623 et
377 2570 579 2623 medicandum?
598 2571 647 2621 Vir
658 2569 741 2623 bonus
753 2574 793 2621 cst

142 2645 198 2697 ulta
211 2651 323 2711 patrum,
335 2641 382 2709 qui
394 2641 463 2707 leges
471 2642 584 2707 juraque
597 2646 691 2706 servat,

142 2721 171 2764 ta
182 2728 341 2778 magnaeque
353 2716 477 2764 secantur
487 2710 579 2779 judice
587 2709 663 2774 bites,

142 2797 247 2833 roncore
260 2790 289 2835 ct
302 2801 316 2850 q
322 2800 357 2836 uo
371 2800 461 2838 causae
473 2790 547 2837 testa
558 2786 703 2835 tenentur.

404 2871 424 2908 ι’
