2159 3309
369 292 422 351 1⁷⁶
682 292 837 347 nonant

367 394 471 446 ‘Nonne
483 392 568 446 vides'
576 423 612 432 —
620 394 715 463 aliquis
728 396 816 448 cubito
829 401 943 448 stantem
956 413 990 465 pn

369 460 476 530 Inquiet
487 492 529 529 -‚
543 465 589 515 ‘ut
601 465 711 532 patiens,
723 471 756 516 ut
768 466 858 520 amieis
870 471 958 533 aptus,
969 484 988 517 u

368 535 461 590 Plures
473 538 610 590 adnabunt
622 539 719 590 thunni
731 545 758 590 et
769 540 867 590 cetaria
879 554 990 592 crescens

368 605 396 657 Si
405 607 448 659 cui
460 614 586 675 praterea
598 608 701 660 validus
712 608 780 659 male
788 608 862 659 filius
875 608 902 659 in
914 626 944 661 re

367 673 497 728 Praeclara
509 674 628 728 sublatus
640 677 732 743 aletur,
744 693 778 728 ne
789 677 961 729 manifestum

369 743 470 797 Caelibia
482 743 636 811 obsequium
647 745 730 796 nudet
742 752 776 811 te,
789 745 884 796 leniter
896 747 924 797 in
937 764 990 814 sper

367 812 471 881 Adrepe
483 813 618 879 officiosus,
630 820 662 865 ut
674 820 701 866 et
713 812 824 865 scribare
836 816 967 867 secundus

367 878 450 933 Heres
462 887 496 948 et,
509 881 531 933 si
543 882 601 950 quis
613 899 688 934 casus
700 899 809 951 puerum
821 884 904 950 egerit
918 886 990 951 Orco,

367 948 401 1001 In
412 967 526 1002 vaenum
538 951 643 1014 veniaa;
659 968 763 1019 perraro
775 950 832 1002 hac
844 952 902 1003 alea
913 953 990 1005 fallite

368 1017 420 1081 Qui
432 1025 619 1071 testamentum
631 1020 718 1072 tradet
730 1018 780 1072 tibi
792 1036 894 1088 cunque
907 1021 989 1088 legen<

366 1087 488 1140 Abnuere
500 1094 527 1140 et
539 1088 642 1141 tabulas
654 1106 671 1141 a
682 1095 709 1140 te
721 1106 851 1140 removere
863 1100 990 1142 meinent<

366 1156 410 1209 Sic
421 1163 518 1225 tamen,
530 1163 562 1209 ut
574 1157 644 1209 limis
655 1158 748 1225 rapias,
761 1158 825 1225 quid
837 1159 922 1226 prima
935 1177 990 1211 sect

367 1225 431 1278 Ocra
442 1226 507 1280 velit
519 1244 596 1279 versu
603 1245 611 1290 ;
629 1226 697 1278 sclua
709 1226 835 1278 multisne
847 1227 959 1294 coheres,

366 1293 455 1347 Veloci
467 1313 588 1364 percurre
600 1295 681 1348 oculo.
717 1295 875 1362 Plerumque
887 1303 990 1348 recoctu

365 1362 455 1417 Scriba
467 1382 500 1416 ex
513 1364 684 1432 quinqueviro
696 1380 804 1416 corvum
816 1364 924 1416 deludet
936 1366 990 1418 hiar

364 1435 540 1503 Captatorque
553 1433 627 1485 dabit
638 1434 706 1484 risus
719 1434 813 1485 Nasica
826 1433 949 1486 Corano.'’

363 1504 459 1554 “Num
470 1502 556 1554 furis?
574 1519 609 1554 an
619 1502 734 1569 prudens
746 1502 815 1553 ludis
827 1519 869 1554 me
882 1503 990 1556 obscura

363 1571 408 1623 “O
423 1570 568 1636 Laertiade,
580 1570 709 1639 quidquid
721 1570 814 1635 dicam,
826 1578 874 1623 auc
885 1572 936 1624 erit
948 1582 990 1624 aut

363 1639 490 1692 Divinare
502 1640 599 1691 etenim
612 1656 723 1706 magnus
734 1640 800 1690 mihi
812 1640 893 1692 donat
906 1642 990 1709 Apoll<

363 1708 457 1772 “Quid
469 1714 559 1761 tamen
571 1708 622 1759 ista
634 1708 700 1760 velit
711 1708 761 1759 sibi
772 1708 870 1772 fabula,
883 1710 905 1761 si
917 1710 986 1775 licet,

362 1778 378 1806 ‘¹
387 1777 512 1844 Tempore
524 1792 575 1843 quo
582 1777 689 1841 juvenis
702 1776 808 1829 Parthis
819 1776 971 1842 horrendus,
984 1797 990 1830 ι

363 1840 512 1896 Demissum
523 1859 607 1911 genua
618 1841 708 1909 AEnea,
721 1842 816 1895 tellure
827 1844 946 1910 marique

364 1910 478 1980 Magnus
491 1912 548 1976 erit,
560 1911 623 1963 forti
634 1911 717 1964 nubet
729 1928 835 1980 procera
847 1911 945 1964 Corano

363 1980 434 2033 Filia
445 1980 554 2047 Nasica,
566 1981 709 2032 metuentis
720 1980 828 2031 reddere
840 1980 949 2033 eoldum

363 2048 431 2101 'sum
443 2066 523 2118 gener
534 2049 584 2101 hoe
595 2049 689 2101 faciet:
707 2048 811 2101 tabulas
824 2066 909 2101 socero
922 2050 990 2101 dabir

363 2117 401 2170 Ut
413 2118 485 2199 legat
496 2117 582 2170 orabit
589 2137 596 2182 ;
614 2118 729 2170 multum
742 2117 840 2169 Nasica
851 2126 960 2185 negatas

363 2187 483 2254 Accipret
495 2187 603 2239 tandem
616 2193 643 2239 et
654 2187 752 2239 tacitus
764 2186 842 2253 leget,
854 2187 989 2256 invenietq

362 2253 389 2307 N
389 2255 408 2306 il
421 2254 470 2307 sibi
482 2256 599 2323 legatum
611 2263 706 2324 prater
737 2256 819 2307 lorare
832 2256 943 2323 suisque.

364 2322 435 2375 Illud
447 2324 481 2375 ad
494 2325 551 2376 haec
560 2324 653 2392 jubeo:
671 2342 698 2376 m
729 2325 766 2376 ier
778 2325 801 2375 si
812 2324 879 2375 forte
892 2325 981 2378 dolosa

363 2391 515 2445 Libertuave
528 2411 616 2445 senem
628 2394 740 2445 delirum
753 2399 888 2460 temperet,
900 2394 953 2445 illis

362 2461 477 2514 Accedas
491 2462 592 2525 socius3
609 2462 708 2529 laudes,
720 2462 834 2514 lauderis
846 2469 878 2513 ut
890 2463 990 2516 absens.

361 2530 480 2598 Adjuvat
491 2531 540 2583 hoc
553 2548 663 2599 quoque,
677 2531 720 2583 sed
735 2532 817 2582 vineit
830 2531 913 2598 longe,
926 2534 990 2599 priu=

362 2600 522 2668 Expugnare
535 2607 622 2667 eaput.
658 2600 759 2652 Scribet
770 2600 841 2651 mala
853 2603 969 2653 earmina
982 2620 990 2650 ι

362 2668 488 2721 Laudato.
523 2668 656 2722 Scortator
667 2669 730 2721 erit:
749 2686 811 2721 cave
824 2676 850 2720 te
862 2677 936 2736 roget
944 2689 951 2733 ;
970 2689 986 2721 u

354 2737 516 2809 Penelopam
528 2738 616 2794 facilis
630 2738 727 2812 potiori
738 2735 834 2792 trade.ss
872 2743 888 2766 *⁸
897 2740 990 2790 i’ucasx

127 2869 150 2908 Ι
342 2806 460 2867 Pffdwi
468 2812 578 2882 P⁰terit
592 2822 651 2871 tam
664 2810 742 2884 frugi
753 2818 866 2878 iamque
876 2806 989 2875 pudica„

159 2913 329 2989 fl
