2159 3309
286 284 431 339 EPODON
450 285 556 338 CARM.
576 286 617 342 17.
802 287 853 337 123

126 398 267 467 Injuriosis
279 400 368 453 aridus
380 400 465 453 ventis
476 401 552 467 ferar,

127 468 207 520 Cales
219 470 324 521 venenis
336 470 440 536 officina
452 470 585 523 Colchicis.
598 490 625 523 se
634 460 669 518 Aa
677 438 783 539 μ
789 450 866 538 ff

128 538 197 600 Quae
209 537 268 590 linis
280 543 327 590 aut
339 539 409 607 quod
420 557 463 591 me
474 547 564 591 manet
576 539 736 608 stipendium
743 490 988 623 staff

127 606 232 659 Effare:
247 608 332 674 jussas
345 625 405 659 cum
417 608 468 659 fide
480 626 570 676 poenas
582 610 662 677 luam,

128 675 245 728 Paratus
257 677 369 744 expiare,
382 694 428 729 seu
440 678 585 746 poposceris

130 744 245 797 Centum
254 746 387 812 juvencos,
400 747 454 797 sive
465 748 587 799 mendaci
598 747 656 815 lyra

129 813 210 866 Voles
223 813 321 866 sonari:
339 820 371 866 tu
383 815 486 883 pudica,
498 822 529 868 tu
541 816 622 884 probe
819 819 853 868 40

130 881 328 935 Perambulabis
340 890 411 935 astra
423 884 494 936 sidus
507 902 623 937 aureum.

131 951 244 1004 Infamia
256 951 364 1004 Helenae
377 953 467 1005 Castor
478 952 590 1005 offensus
602 956 691 1022 vicem,

130 1020 276 1088 Fraterque
287 1022 378 1088 magni
391 1022 510 1083 Castoris,
523 1022 588 1074 victi
600 1041 674 1090 prece

131 1090 265 1158 Adempta
277 1090 333 1143 vati
344 1091 479 1142 reddidere
491 1089 599 1143 lumina.

130 1158 168 1211 Et
180 1164 218 1225 tu,
231 1165 304 1227 potes
316 1177 385 1225 nam,
398 1159 468 1211 solve
478 1177 521 1211 me
533 1159 673 1227 dementia,

131 1228 155 1280 0
166 1244 216 1280 nec
227 1229 343 1297 paternis
355 1229 470 1294 obsoleta
481 1228 606 1295 sordibus,
636 1143 1006 1291 baedanae&

131 1296 225 1365 Neque
237 1298 266 1349 in
279 1297 422 1366 sepulchris
434 1315 579 1365 pauperum
591 1297 705 1367 prudens
717 1316 783 1351 anus
803 1332 826 1375 f

131 1366 158 1420 N
159 1366 307 1420 ovendiales
319 1366 444 1441 di-ss—iparc
456 1366 582 1434 pulveres.
613 1358 657 1445 ly
671 1334 895 1436 ,ίώήᾲία
912 1336 958 1406 sp
977 1389 983 1404 ·

132 1436 191 1487 Tibi
203 1435 332 1504 hospitale
344 1431 435 1504 pecfirs
447 1441 474 1487 et
486 1452 558 1504 purae
570 1413 750 1517 manusth‘
760 1412 846 1463 hm)
851 1435 886 1459 ‘'’
893 1409 944 1462 'x‘
953 1423 1006 1483 W

132 1505 256 1572 unusque
268 1510 359 1557 venter
371 1504 545 1571 Pactumeius,
558 1513 585 1558 et
597 1514 644 1558 tuo
702 1490 745 1548 ²7
817 1510 851 1559 50

133 1574 229 1626 Cruore
241 1573 332 1625 rubros
344 1573 471 1626 obstetrix
482 1592 583 1642 pannos
595 1575 668 1642 lavit,

134 1643 276 1711 Utcunque
287 1643 362 1694 fortis
374 1644 463 1694 exsilis
475 1661 526 1711 pue
560 1662 610 1697 era.

160 1712 224 1765 Cast.
261 1711 330 1775 Quid
342 1710 467 1764 obseratis
479 1712 536 1762 auri
556 1729 587 1762 us
599 1712 689 1765 fundis
702 1715 811 1781 precesl

132 1780 158 1831 N
159 1797 193 1831 on
205 1795 269 1831 saxa
281 1778 359 1830 nudis
372 1779 489 1831 surdiora
500 1780 599 1832 navitis

133 1848 274 1917 Neptunus
286 1847 340 1899 alto
352 1847 442 1900 tundit
453 1848 578 1901 hibernus
590 1849 652 1916 salo,

133 1917 239 1969 Inultus
250 1921 282 1969 ut
293 1922 325 1968 tu
336 1917 422 1968 riseris
435 1917 552 1985 Cotyttia

133 1985 257 2053 Vulgata,
270 2002 373 2037 sacrum
384 1984 460 2037 liberi
473 1986 617 2054 Cupidinis,
867 2004 905 2099 s

133 2054 169 2107 Et
181 2054 312 2122 Esquilini
324 2054 444 2122 pontifex
456 2055 566 2107 venefici
586 2049 786 2125 aas-lpum
856 2065 873 2100 ι’
882 2013 1006 2132 ⁸·ss

134 2124 246 2205 Impune
257 2129 288 2175 ut
300 2122 397 2175 Urbem
409 2124 514 2175 nomine
526 2124 643 2192 impleris
655 2123 731 2178 meol
827 2120 882 2165 ‘0¹2

135 2192 204 2258 Quid
216 2192 338 2261 proderat
350 2193 446 2244 ditasse
458 2192 581 2263 Pel-ignes
593 2211 666 2259 anus,
726 2176 881 2275 aaa&
890 2134 1001 2247 W

134 2262 288 2314 Velociusve
299 2261 434 2313 miscuisse
446 2261 581 2313 toxicuml
668 2225 838 2319 lusam

135 2330 185 2384 Sed
197 2330 312 2382 tardiora
324 2332 380 2383 fata
392 2337 419 2383 te
431 2331 498 2383 votis
510 2336 633 2386 manent:

135 2400 245 2467 Ingrata
256 2399 349 2452 misero
362 2400 418 2451 vita
430 2397 551 2452 ducenda
562 2406 602 2453 est
613 2400 642 2452 in
653 2400 710 2467 hoc,

135 2469 216 2521 Novis
227 2474 259 2520 ut
271 2486 354 2536 usquo
366 2475 490 2537 suppetas
502 2469 641 2522 laboribus.

136 2539 218 2606 Optat
231 2539 347 2604 quietem
358 2537 461 2606 Pelopis
473 2538 549 2589 infidi
561 2545 636 2607 pater

135 2606 222 2675 Egens
235 2607 355 2674 benignae
368 2606 495 2658 Tantalus
508 2625 608 2675 semper
620 2608 703 2677 dapis,

137 2676 219 2744 Optat
231 2674 401 2728 Prometheus
414 2676 544 2743 obligatus
557 2677 623 2743 aliti,

138 2745 218 2811 Optat
228 2762 349 2812 supremo
362 2745 488 2800 collocare
500 2745 632 2817 Sisyplrus

125 2811 158 2861 In
169 2819 262 2865 monte
273 2832 373 2870 saxum
379 2836 387 2884 ;
407 2818 456 2873 sed
468 2826 570 2875 vetant
580 2819 661 2891 leges
671 2815 762 2872 tom
852 2775 972 2983 c
