2159 3309
272 254 485 310 SATIRARUM
504 256 544 310 11.
564 261 588 310 7.
785 252 836 307 183

130 364 199 413 sente
210 359 365 413 hbidinibus
377 360 466 412 tremis
479 375 536 410 ossa
548 375 649 426 pavore

130 430 216 497 refert,
228 430 278 496 uri,
291 430 371 497 virgis
384 431 502 495 ferroque
514 428 602 479 necari

130 506 207 552 uetus
219 516 271 564 ees,
283 516 318 551 nn
330 498 401 566 turpi
414 498 517 549 clausus
529 497 558 548 in
570 513 638 563 arca,

130 567 261 621 edcmisit
271 568 375 636 peccati
387 567 490 618 conscia
501 565 598 631 herilis,
801 565 835 613 60

130 642 218 689 sctum
229 636 339 704 genibus
351 642 445 703 tangus
457 634 555 703 ceput?
591 634 672 686 Estne
684 632 779 685 marito

131 722 177 758 uris
188 706 322 774 peccantis
333 706 362 757 in
373 703 449 785 ambo
457 707 531 772 justa
543 703 674 772 potestus?

130 773 685 911 dttttttsttsttdttttt

131 917 176 966 rte
187 912 312 964 formidet
322 912 418 964 mulier
429 928 513 978 neque
526 910 616 962 credat
628 909 735 977 umenti,

131 980 165 1034 ub
175 980 279 1034 furcam
290 980 404 1049 prudens
417 981 574 1047 dominoque
585 980 685 1031 furenti

131 1050 201 1103 rittes
209 1067 266 1102 rens
274 1067 379 1102 omnem
388 1055 415 1101 et
422 1049 506 1100 vitam
516 1054 611 1099 etcum
620 1064 724 1116 corpore
732 1049 838 1100 famem.

131 1119 155 1173 i:
172 1118 256 1184 credo,
268 1125 388 1171 metuens
400 1117 545 1185 doctusque
556 1116 674 1180 cavebis5

131 1205 163 1255 ss,
174 1188 280 1256 quando
291 1188 389 1239 iterum
400 1204 496 1254 paveas
508 1186 656 1254 iterumque
667 1185 752 1253 perire

131 1274 144 1324 ι,
154 1274 170 1309 o
181 1257 260 1310 toties
272 1260 375 1310 servus!
395 1257 459 1319 Quis
472 1254 561 1307 bellus
572 1254 665 1321 ruptis,
804 1255 839 1307 70

131 1343 139 1378 ι
150 1324 230 1379 semel
241 1325 342 1393 effugit,
354 1324 442 1377 reddit
454 1341 481 1376 se
492 1341 575 1392 prusa
586 1322 704 1375 catenis?

140 1412 199 1448 sum
209 1393 353 1459 moechus,”
365 1395 411 1446 ais.
430 1393 522 1461 Neque
534 1409 590 1459 ego,
600 1392 712 1459 hercule,
722 1393 772 1457 sur,
782 1392 827 1444 ubi

131 1475 177 1518 uec
188 1464 295 1545 sepiens
303 1469 443 1542 argentee:
462 1461 525 1514 tolle
536 1461 671 1542 periclum,
750 1459 828 1528 [vasa

131 1532 769 1668 tuttdttf‘tdmfflffltffitnm

131 1671 247 1739 ustisque
258 1670 350 1736 minor,
363 1686 440 1738 quem
453 1676 494 1722 ter
504 1668 623 1721 vindicte
635 1676 779 1737 quaterque

131 1739 179 1791 site
190 1738 262 1792 heud
274 1755 391 1807 unquam
402 1738 497 1790 misere
508 1738 648 1790 formidine
660 1737 764 1807 privet?

140 1825 216 1878 super
227 1807 313 1873 dictis,
325 1807 394 1876 quod
406 1824 459 1859 non
471 1806 556 1859 levius
567 1807 669 1861 valent:
687 1824 750 1859 num

131 1878 238 1931 vicarius
250 1883 297 1943 est,
310 1878 356 1945 qui
367 1894 440 1929 servo
451 1882 534 1944 paret,
546 1877 588 1928 uti
599 1894 655 1928 mos

131 1947 252 2014 usitseu
258 1963 412 2008 conservum
425 1945 474 1997 tibi
482 1945 547 2013 quid
557 1944 687 2013 sumegot
700 1945 800 2013 Nempe
808 1945 841 1995 50

131 2015 179 2068 sihi
191 2015 238 2085 qui
248 2015 390 2085 imperitus,
403 2014 450 2067 ulii
462 2015 543 2067 servis
553 2015 632 2068 miser
643 2022 723 2082 etque

131 2085 162 2137 ris
173 2091 205 2137 ut
216 2084 303 2136 nervis
315 2084 408 2136 alienis
419 2084 515 2135 mobile
527 2083 637 2150 lignum.

131 2170 181 2207 um
191 2154 276 2222 igitur
287 2152 370 2205 liberi
389 2152 505 2221 Sapiens,
518 2151 568 2204 sibi
580 2153 625 2219 qui
637 2152 799 2221 imperiosus,

132 2239 227 2291 tneque
233 2222 370 2291 pauperies
375 2238 531 2290 nequemors
536 2222 843 2289 nequevinculuterrcnt,

132 2308 215 2344 >usare
227 2291 402 2359 cupidinibus,
415 2298 580 2343 contemnere
591 2290 700 2343 honores

132 2378 148 2416 s
158 2366 187 2442 et
199 2360 228 2413 in
240 2377 270 2441 se
279 2360 336 2428 ipsc
348 2366 427 2425 totus,
440 2368 507 2412 teres
519 2365 599 2428 atque
611 2360 747 2427 rotundus,

132 2429 290 2550 mitt
296 2428 738 2566 dittdzssttfflm

132 2567 152 2620 is
164 2573 195 2622 ut
206 2567 340 2647 proprium
353 2568 417 2636 quid
429 2567 551 2619 nosceret
587 2567 708 2635 Quinque
721 2566 822 2619 tnlente

134 2643 183 2689 tte
195 2636 298 2702 muher‚
311 2642 390 2688 vexat
402 2636 554 2703 foribusque
565 2637 699 2705 repulsum
812 2637 847 2687 90

132 2705 193 2757 ndit
200 2704 299 2772 gelida.
311 2722 403 2760 rursus
415 2713 509 2773 τασαν,
526 2707 600 2780 eripe
609 2705 687 2778 turpi

390 2800 400 2826 ¹
417 2802 518 2839 metucns
