2159 3309
223 312 274 364 232
535 296 688 352 HORATII

220 406 290 468 Quid
302 405 354 458 vici
365 409 474 472 prosunt
485 409 532 456 aut
544 405 653 459 hosnea‘l
670 404 768 471 quidve
780 404 898 458 Calabris

219 476 337 528 Saltibus
349 477 442 544 adjecti
457 476 564 539 Lucani,
575 477 597 526 si
608 478 687 526 metit
699 483 781 527 orcus

220 544 335 596 Grandia
347 562 407 597 cum
419 545 513 614 parvis,
525 561 577 595 non
590 542 728 595 exorabilis
740 541 822 595 aurci

218 615 345 680 Gemmas,
357 632 476 679 marmor,
485 613 555 675 ebur,
568 614 701 680 Tyrrhena
713 614 808 680 sigilla,
816 612 932 679 tabellas,
943 611 987 663 180

218 682 372 751 Argentum,
384 690 467 735 vestes
481 681 582 734 Gaetulo
594 683 692 734 murice
703 682 808 747 tinctas,

218 747 286 803 Sunt
298 753 343 819 qui
355 769 407 804 non
419 752 539 815 habeant,
553 756 592 803 est
604 751 649 817 qui
661 768 713 801 non
726 756 801 802 curat
814 750 915 805 habere.

218 820 271 872 Cur
283 820 349 871 alter
362 821 473 872 fratrum
485 836 582 871 cessare
594 825 621 871 et
633 819 721 870 ludere
733 825 760 870 et
771 820 838 886 ungi

217 887 344 940 Praeierat
357 888 468 940 Herodis
480 888 601 955 palmetis
613 887 763 955 pinguibus,
775 888 844 939 alter

217 956 297 1009 Dives
309 962 336 1008 et
348 957 512 1023 importunus
524 956 558 1007 ad
571 957 690 1007 umbram
701 955 768 1007 lucis
780 956 814 1007 ab
823 961 884 1010 ortu

217 1025 368 1077 silvestrem
381 1024 492 1077 flammis
504 1030 531 1076 et
543 1025 610 1076 ferro
622 1025 726 1090 mitiget
738 1041 840 1092 agrurn,

218 1094 273 1145 Scit
287 1094 390 1159 Genius,
402 1094 491 1145 natale
503 1110 587 1144 comes
599 1093 642 1160 qui
655 1099 784 1160 temperat
795 1101 904 1161 astrum,

217 1161 328 1214 Naturae
341 1162 411 1214 Deus
422 1163 551 1226 humanae,
563 1161 682 1213 mortalis
694 1165 722 1212 in
734 1179 829 1213 unum·

236 1231 338 1298 uodque
350 1238 437 1299 caput,
450 1231 525 1282 vultu
537 1230 679 1296 mutabilis,
692 1229 767 1282 albus
778 1236 806 1282 et
817 1236 882 1283 ater.

219 1248 286 1351 inst
298 1306 324 1351 et
336 1318 369 1352 ex
380 1297 487 1365 modico,
501 1306 630 1367 quantum
641 1316 682 1350 res
694 1304 790 1366 poscet,
802 1317 896 1353 acervo
943 1293 983 1347 190

218 1367 326 1434 iollam,
339 1386 387 1420 nec
398 1374 522 1430 metuam,
535 1368 596 1434 quid
609 1367 641 1418 de
653 1385 694 1419 me
703 1367 805 1434 judicet
818 1368 899 1435 heres,

219 1437 294 1500 Quod
306 1454 359 1489 non
371 1437 447 1505 plura
459 1437 527 1488 datis
539 1436 684 1497 invencrit;
702 1441 729 1487 et
741 1441 831 1489 tamen
842 1437 912 1488 idem

219 1504 290 1558 Scire
301 1506 393 1569 volam,
406 1512 534 1573 quantum
547 1504 658 1571 simplex
670 1504 812 1572 hilarisque
823 1506 913 1574 nepoti

218 1574 355 1642 Discrepet
367 1580 393 1626 et
406 1581 535 1640 quantum
547 1573 676 1625 discordet
687 1590 781 1641 parcus
793 1590 879 1627 avaro.

165 1657 167 1664 ’
218 1640 307 1695 Distat
319 1643 396 1710 enim,
406 1659 511 1710 spargas
522 1648 571 1693 tua
582 1642 713 1710 prodigus,
722 1658 757 1693 an
768 1659 853 1710 neque
865 1644 985 1709 sumptum

159 2909 191 2959 Ι

220 1710 324 1764 Invitus
336 1712 417 1763 facias
428 1728 512 1777 neque
524 1710 601 1777 plura
612 1727 703 1777 parare
715 1708 821 1776 labores,

221 1779 261 1831 Ac
273 1780 366 1848 potius,
379 1796 443 1847 puer
454 1784 486 1830 ut
497 1779 571 1830 festis
584 1778 789 1846 Quinquatribus
801 1779 872 1847 olim,

221 1847 325 1916 Exiguo
337 1855 461 1915 gratoque
473 1848 568 1899 fruaris
580 1853 694 1914 tempore
706 1864 735 1899 ra
753 1848 810 1901 tim.

220 1916 360 1985 Pauperies
373 1916 507 1968 immunda
519 1916 612 1967 domus
624 1916 713 1983 procul
725 1865 806 1969 aicit:
824 1934 880 1983 ego,
891 1920 971 1968 naun

221 1985 246 2037 N
249 2004 296 2038 ave
308 1987 376 2038 ferar
387 2002 483 2051 magna
495 2002 529 2036 an
542 2001 629 2052 parva,
642 1985 711 2037 ieras
722 2002 791 2036 unus
803 1991 830 2038 et
842 1986 917 2039 idem
943 1974 985 2031 2⁰⁰

220 2054 282 2107 Non
294 2055 396 2121 agimur
407 2054 515 2105 tumidis
527 2053 592 2104 velis
604 2053 724 2120 aquilone
736 2054 849 2106 secundo
856 2073 864 2118 ;

220 2122 279 2174 Non
292 2129 380 2175 tamen
392 2123 505 2175 adverus
517 2127 621 2174 atatem
634 2122 752 2174 ducimus
764 2123 860 2175 austris
866 2140 875 2187 ς

221 2189 334 2255 Viribus,
347 2192 458 2271 ingenio,
472 2191 564 2258 specie,
578 2191 683 2253 virtute,
696 2189 759 2255 loco,
771 2208 799 2243 re

221 2258 339 2311 Extremi
351 2277 499 2329 prunorum,
513 2259 636 2311 extremis
647 2275 729 2326 usque
741 2259 845 2326 priores.

221 2327 280 2379 Non
293 2345 319 2379 es
331 2345 436 2380 avarus:
455 2329 497 2380 abi
504 2347 511 2392 ;
529 2328 601 2395 quid,
614 2333 700 2379 cetera
707 2328 764 2394 jam
776 2328 856 2381 simul
867 2327 916 2381 isto

222 2396 287 2448 (lum
298 2397 363 2449 vitio
375 2397 481 2464 fugeret
517 2397 594 2449 Caret
606 2396 655 2447 tibi
668 2402 759 2463 pectus
771 2397 845 2451 inani

222 2464 387 2517 Ambitionei
423 2466 499 2518 Caret
510 2465 601 2517 mortis
613 2465 751 2517 formidine
763 2466 859 2520 etirai
985 2489 996 2520 o

222 2532 334 2598 Somnia,
347 2540 455 2585 terrores
466 2535 588 2601 magicos,
600 2533 734 2599 miracula,
746 2551 829 2601 sagas,

221 2601 247 2654 N
248 2607 367 2653 octrunos
379 2601 490 2654 lemures
502 2608 674 2670 portentaque
686 2602 809 2655 Thessala
820 2602 905 2656 ridesi

222 2669 330 2722 Natales
342 2676 416 2738 grate
427 2670 565 2723 numerosi
601 2670 717 2737 ignoscis
728 2671 836 2725 amicisl
941 2655 985 2717 2¹⁰

211 2738 313 2795 Lenior
324 2745 353 2795 et
364 2738 457 2795 melior
468 2738 501 2795 fis
512 2738 654 2794 accedente
663 2739 783 2792 senectti
