2159 3309
218 259 472 314 EPIsuonARUM
490 259 513 313 1.
531 263 555 324 2,
573 264 598 312 3.
617 254 620 259 ’
752 260 803 314 193

140 369 204 417 nest
215 366 266 416 nisi
279 381 332 430 vas,
345 363 517 432 quodcunque
529 362 656 427 infundis,
668 360 771 414 acescit

140 434 289 502 'oluptates;
307 441 383 484 nocet
395 441 483 501 empta
496 431 583 483 dolore
596 432 724 499 voluptas.

140 520 229 555 armus
241 511 315 569 eget;
333 511 433 554 certum
447 510 506 553 voto
519 508 578 570 pete
591 501 677 553 finem.

140 572 246 623 alterius
258 572 394 623 macrescit
405 572 483 624 rebus
495 572 589 640 opimis
600 591 608 637 ;

140 640 215 693 liculi
227 658 280 693 non
292 641 414 692 invenere
427 641 534 707 tyranni

140 717 284 763 omentum
320 709 372 774 Qui
384 727 436 761 non
448 708 627 760 moderabitur
638 708 692 773 irae,

140 797 147 829 1
159 779 230 832 volet
242 795 303 845 esse,
316 778 389 830 dolor
400 778 469 845 quod
482 779 593 829 suaserit
605 784 632 829 et
644 794 725 845 mens,
770 778 805 831 60

141 864 188 899 nas
199 848 259 901 odio
270 865 316 916 per
328 848 382 899 vim
394 848 503 898 festinat
515 847 607 899 inulto.

140 916 240 969 brevis
251 924 305 969 est:
323 917 442 968 animum
454 932 522 982 rege,
532 917 578 983 qni
591 915 642 967 nisi
654 922 738 983 paret,

141 1004 146 1049 ;
163 986 235 1039 hunc
247 986 336 1052 frenis,
348 986 420 1036 hunc
432 991 463 1035 tu
476 1001 609 1053 compesce
621 994 722 1038 catena.

141 1072 216 1123 {unm
228 1063 319 1107 tenera
330 1053 441 1106 docilem
453 1054 553 1105 cervice
564 1055 689 1120 magister

141 1164 147 1191 ‚
160 1140 212 1192 qua
223 1130 351 1176 monstret
363 1139 455 1191 eques3
472 1123 608 1174 venaticus
620 1139 653 1174 ex
665 1139 717 1190 quo

152 1193 284 1245 cervinam
296 1192 393 1261 pellem
405 1191 514 1243 latravit
527 1193 556 1243 in
568 1192 637 1257 aula,

140 1280 156 1313 n
168 1262 241 1315 silvis
253 1262 364 1314 catulus.
400 1261 479 1313 Nunc
492 1259 587 1312 adbibe
599 1277 665 1329 puro

141 1331 222 1399 rerba,
233 1348 307 1399 puer,
319 1347 391 1382 nunc
403 1335 430 1381 te
441 1328 591 1381 melioribus
604 1329 673 1381 offer.

141 1400 164 1453 el
175 1409 216 1453 est
227 1401 330 1452 imbuta
342 1415 431 1451 recens
444 1399 559 1451 servabit
570 1399 675 1451 odorem

141 1486 158 1523 a
195 1470 269 1534 Quod
283 1469 304 1520 si
317 1485 400 1520 cessas
412 1475 459 1520 aut
472 1476 594 1520 strenuus
606 1469 698 1535 auten,
769 1471 803 1523 to

142 1556 187 1591 um
199 1538 319 1609 opperior
330 1554 379 1590 nec
391 1536 599 1607 precedentibus
610 1539 687 1591 insto.

141 1700 292 1755 Platona
310 1700 438 1753 Ill-nn
451 1714 559 1753 suarum
573 1714 694 1752 nnonuu.

141 1821 182 1869 tre,
195 1803 290 1871 quibus
302 1808 431 1855 terrarum
442 1803 540 1855 militet
552 1802 604 1854 oris

149 1873 265 1939 Augusti
278 1872 421 1939 privignus,
434 1872 499 1924 scire
512 1871 606 1924 laboro.

141 1959 148 1995 ³
160 1958 205 1993 vos
219 1940 375 2009 Hebrusque
387 1941 468 1993 nivali
481 1941 605 2008 compede
617 1939 728 2005 vinctus,

148 2010 248 2064 vicinas
260 2010 329 2061 inter
342 2010 473 2061 currentia
484 2017 577 2073 trures,

142 2097 179 2133 1es
190 2079 260 2131 Asiae
273 2079 358 2147 campi
371 2079 499 2146 collesque
511 2077 663 2129 moranturl

141 2149 208 2201 liosa
216 2148 306 2200 cohors
314 2165 421 2215 operum
429 2148 526 2199 struitl
555 2147 614 2199 Hoc
622 2164 725 2214 qrioque
733 2163 802 2201 curo.

151 2235 193 2270 res
204 2225 290 2285 gestas
302 2218 416 2284 Augusti
429 2218 539 2269 scribere
553 2216 651 2269 sumiti

141 2290 157 2340 's
169 2293 196 2339 et
209 2303 285 2356 paces
297 2286 405 2354 longum
417 2286 544 2338 diffundit
555 2286 584 2336 in
596 2284 698 2338 aevuml

141 2358 181 2408 ius
194 2356 312 2407 Romana
323 2354 395 2406 brevi
408 2362 535 2406 venturus
547 2355 576 2405 in
588 2372 632 2405 ora
642 2355 649 2407 l

141 2428 146 2477 i
158 2425 239 2477 fontis
251 2424 296 2492 qui
308 2440 360 2475 non
373 2424 503 2492 expalluit
515 2425 632 2491 haustus,
770 2426 803 2477 10

153 2494 226 2547 lacus
238 2502 265 2545 et
277 2494 345 2545 rivos
358 2511 436 2545 ausus
449 2502 559 2561 apertos.

142 2563 150 2616 l
168 2572 202 2615 ut
213 2563 334 2614 meminit
346 2563 445 2615 nostrii
480 2562 501 2613 F
503 2563 624 2613 idibusne
637 2562 739 2614 latinis

142 2650 148 2685 ι
160 2638 251 2701 aptare
263 2631 352 2683 modos
364 2632 453 2684 studet
465 2633 571 2700 auspice
585 2631 668 2698 Musa,

142 2719 165 2752 ’a
177 2701 287 2753 deserit
299 2709 326 2753 et
338 2702 503 2770 ampullatur
516 2702 547 2755 in
556 2700 633 2755 arbel

394 2797 412 2834 0
