2159 3309
374 798 507 875 VITA
545 795 779 874 Hoasrll.

480 1190 498 1231 l.
524 1189 662 1231 summm.

208 1321 357 1374 Hoasrrns
367 1319 497 1377 Fnsccos.
507 1318 665 1383 Venusinus,
673 1323 748 1386 patre
758 1319 801 1388 (nt
809 1319 866 1390 ipse
875 1318 969 1389 tradit)

170 1390 315 1457 libertino⁸,
333 1395 361 1442 et
378 1388 547 1441 exactionum
559 1395 694 1451 coactor03
717 1395 749 1440 ut
763 1406 823 1443 vero
840 1391 970 1443 creditum

171 1468 219 1526 est,
237 1459 442 1522 salsamentario‚
469 1475 552 1525 quum
570 1458 611 1509 illi
629 1457 737 1526 quidam
754 1459 783 1511 in
800 1459 970 1511 altercatione

170 1528 359 1598 exprobrasset,
378 1527 528 1591 “Quotiens
546 1544 595 1594 ego
607 1527 663 1579 visi
676 1533 777 1595 patrem
789 1534 866 1581 tuum
880 1528 969 1580 cubito

171 1616 198 1651 sc
210 1596 431 1665 emungenteml”
453 1597 527 1649 Bello
540 1596 713 1664 Philippensi,
729 1597 832 1649 excitus
848 1615 865 1649 a
881 1597 970 1649 Marco

170 1668 254 1722 Bruto
267 1668 430 1736 imperatore,
443 1666 564 1719 tribunus
576 1666 693 1717 militum
708 1667 806 1719 meruit
818 1686 825 1731 ;
842 1667 971 1735 victisque

169 1735 297 1808 partibus,
309 1736 387 1788 venia
400 1736 549 1805 impetrata,
567 1736 694 1803 scriptum
712 1736 883 1803 quaestorium
901 1753 970 1787 com-

169 1806 288 1878 paravit:
306 1822 337 1857 ao
356 1806 441 1874 primo
457 1805 605 1870 Maecenati,
618 1803 713 1857 deinde
730 1807 851 1873 Angusto
870 1805 971 1856 insinu-

169 1882 239 1941 atus,
248 1892 302 1927 non
310 1875 465 1927 mediocrem
475 1875 503 1926 in
510 1874 647 1926 amborum
654 1874 772 1926 amicitia
781 1876 867 1927 locum
875 1873 969 1926 tenuit.

169 1945 301 1998 Macenas
319 1950 480 2013 quantopere
497 1960 561 1995 eum
579 1943 709 2010 dilexerit,
726 1944 790 1996 satis
807 1950 970 1996 monstratur

169 2014 217 2068 illo
229 2015 426 2084 epigrammate,
438 2012 485 2065 nbi
497 2013 603 2081 inquit:

325 2118 339 2142 ‘⁴
347 2114 378 2159 Ni
389 2119 412 2159 ts
422 2114 550 2159 visceribus
560 2127 625 2167 mers,
635 2112 727 2162 Horati.

345 2173 402 2217 Plns
409 2172 458 2231 Jam
469 2173 549 2229 diligo,
559 2179 586 2216 tn
596 2179 663 2216 tuum
674 2171 776 2217 sodalem

345 2230 451 2275 Hinnulo
461 2231 540 2275 videas
551 2231 728 2287 strigosiorem.”

173 2318 220 2373 sad
238 2318 322 2372 multo
335 2321 420 2388 magis
437 2322 569 2387 extremis,
588 2321 637 2374 tali
652 2320 686 2373 ad
699 2320 851 2411 Augustum
867 2320 968 2389 elogio:

172 2388 304 2441 “Horatii
322 2389 417 2452 Flacci,
433 2397 465 2442 ut
481 2391 541 2453 mei,
559 2408 659 2442 memor
676 2390 747 2442 esto'
790 2391 926 2457 Augsmtus
944 2392 978 2443 ei

171 2458 344 2527 epistolarum
369 2458 484 2510 officium
501 2458 606 2523 obtulit,
625 2465 656 2511 ut
673 2458 722 2511 hoc
740 2459 773 2511 ad
797 2459 967 2512 Maecenatem

172 2529 271 2594 scripto
298 2527 446 2595 significat:
475 2528 570 2581 “Anto
598 2528 653 2597 ipse
678 2528 819 2579 scribendis
851 2530 967 2597 epistolis

172 2598 317 2651 amicorum
335 2596 512 2649 sufficiebam:
530 2615 602 2649 nunc
619 2598 841 2664 occupatissimus,
858 2606 884 2650 et
897 2598 968 2649 infir-

172 2684 240 2730 mus,
254 2665 395 2718 Horatium
407 2676 525 2718 nostrum
542 2684 558 2718 a
571 2676 597 2719 te
611 2667 688 2735 cupio
703 2666 837 2720 abducere.
873 2667 968 2719 Veniet

172 2752 234 2802 ergo
246 2734 280 2787 ab
292 2736 343 2786 ista
356 2736 495 2802 parasitica
512 2753 603 2788 mcnsa
618 2736 652 2787 ad
669 2736 736 2788 hanc
756 2736 862 2803 regiam,
876 2745 902 2787 et
920 2753 967 2787 nos

173 2804 201 2856 in
216 2804 358 2855 scribendis
371 2805 486 2871 epistolis
495 2804 626 2873 juvabit.”
661 2806 700 2857 Ac
714 2824 747 2857 ne
764 2806 894 2857 recusanti
911 2805 978 2872 qui·

172 2874 233 2927 dom
256 2881 304 2926 aut
328 2876 477 2927 succensuit
495 2876 645 2944 quicquam,
663 2883 711 2927 aut
728 2875 876 2927 amicitiam
894 2891 973 2923 susm

360 3001 370 3023 ·
384 2995 428 3037 sas
439 2997 452 3036 ι
463 2998 482 3039 o.
494 2998 514 3047 c,
524 2998 558 3049 ss,
568 2999 609 3047 ss.
621 2994 803 3049 spartanas.
