2159 3309
286 256 541 312 EPISTOLARUM
560 255 582 307 I.
602 258 640 313 14,
662 259 702 305 15.
831 246 882 304 207

137 376 188 413 rem
200 360 249 414 seis
260 361 406 414 immunem
417 362 519 415 Cinerae
532 363 661 431 placuisse
673 363 769 430 rapaci,

137 445 186 481 rem
196 429 316 482 bibulum
327 431 422 499 liquidi
434 432 520 484 media
533 433 566 483 <le
577 433 636 484 luce
648 431 761 496 Falerni,

137 515 181 551 ena
190 498 276 551 brevis
283 501 364 567 juvat
375 506 403 552 et
415 518 494 569 prope
507 502 592 552 rivum
607 519 711 552 somnus
724 502 752 552 in
765 500 860 555 herba:

137 584 157 619 m
167 567 258 620 lusisse
289 569 360 634 udet,
373 569 483 621 sednon
495 570 611 621 incidere
624 570 723 621 ludum.

137 654 160 688 »n
171 637 230 689 istic
242 585 346 705 obbquo
358 638 434 690 oculo
445 656 504 690 mea
517 640 652 690 commoda
664 639 802 707 quisquam

137 711 194 770 mat,
205 722 259 757 non
272 707 331 758 odio
343 705 451 759 obscuro
462 725 602 775 morsuque
614 713 742 772 venenet3

137 773 199 826 dent
210 775 292 827 ricini
303 776 393 843 glebas
405 782 432 829 et
445 794 508 829 saxa
519 783 675 829 moventem.

137 843 255 896 unserris
266 843 369 897 urbana
380 845 464 897 diaria
475 846 565 898 rodere
576 846 674 909 maris;
854 849 889 897 40

137 929 202 964 >rum
214 919 246 965 tu
257 913 288 965 in
298 930 437 965 numerum
449 921 510 966 roto
521 916 583 967 ruis.
620 915 726 968 Invidet
737 932 816 968 usum

137 997 242 1048 qnorum
253 989 281 1035 et
292 983 391 1064 pecoris
403 982 453 1035 tibi
465 984 521 1035 calo
533 991 643 1052 argutus
655 990 682 1036 et
694 985 771 1038 horti

137 1057 182 1102 stat
193 1051 319 1120 ephippra
330 1051 382 1118 bos,
395 1053 469 1120 piger
481 1061 556 1125 optat
567 1071 641 1105 arare
653 1053 785 1116 caballus3

137 1135 188 1172 mm
198 1121 250 1173 soit
261 1129 379 1189 uterque,
390 1120 482 1189 libens,
495 1122 611 1190 censebo,
623 1128 743 1175 exerceat
755 1128 846 1177 artem.

181 1278 358 1333 EPISTOLA
377 1283 510 1337 XV.—sr>
526 1300 681 1337 nuuouruu
694 1298 797 1336 varan.

137 1407 167 1446 u
178 1393 214 1446 sit
225 1393 309 1448 hiems
323 1395 413 1462 Veliae,
426 1395 496 1464 quod
509 1395 614 1460 eoelum,
627 1393 701 1461 Vela,
716 1392 825 1452 Salerni,

137 1479 217 1515 ronrm
224 1464 361 1517 hominum
369 1465 442 1533 regio
451 1472 479 1517 et
488 1465 575 1531 qualis
584 1465 641 1526 via;
654 1463 728 1530 (narn
737 1463 803 1513 milri
812 1462 890 1513 liuius

137 1548 179 1586 usa
188 1549 363 1601 supervacuas
375 1533 512 1600 Antonius,
525 1540 553 1585 et
565 1541 654 1585 tamen
666 1533 719 1585 illis

137 1601 221 1655 tfacit
233 1602 355 1668 inrisum,
367 1602 455 1670 gelida
467 1621 548 1672 quum
561 1601 664 1671 perluor
677 1602 750 1655 unda

137 1671 277 1723 medium
289 1672 380 1738 frigus.
415 1671 483 1724 Sane
496 1678 612 1740 myrteta
622 1672 737 1740 relinqui

137 1747 227 1809 stoque
239 1749 383 1793 cessantem
396 1742 482 1793 nervis
493 1741 590 1794 elidere
601 1741 721 1793 morbum

137 1807 206 1862 lfura
217 1809 349 1862 contemni
361 1810 435 1862 ricus
446 1811 536 1879 gemit,
548 1810 654 1862 invidus
666 1810 749 1876 aegris,

137 1878 245 1948 riceput
257 1886 284 1931 et
296 1880 459 1931 stomachum
471 1896 616 1948 supponere
628 1880 744 1931 fontibus
756 1878 856 1931 audent

137 1947 212 2000 asinis
224 1947 369 2016 Gabiosque
382 1955 477 2016 petunt
488 1958 516 2000 et
527 1948 625 2016 frigida
637 1965 704 2000 rura.

137 2017 244 2069 rtandus
255 2017 329 2070 locus
340 2023 388 2083 est,
399 2024 427 2070 et
438 2017 580 2070 diversoria
591 2023 655 2069 nota
853 2018 887 2069 10

137 2084 315 2153 etersgendus
323 2101 422 2152 equus:
440 2086 455 2112 “
465 2084 523 2148 Quo
531 2083 636 2136 tendisl
654 2083 714 2134 Non
722 2082 786 2134 mihi
796 2082 891 2135 Cumas

137 2155 205 2208 titer
216 2161 265 2207 aut
277 2153 379 2221 Baias,”
392 2153 460 2206 laera
472 2152 651 2206 stomachosus
660 2151 762 2203 heleno

137 2232 175 2276 eet
185 2239 264 2291 eques
275 2241 283 2286 ;
301 2222 347 2274 sed
359 2223 421 2290 equi
433 2223 537 2274 frenate
550 2226 589 2273 est
602 2221 673 2272 auris
685 2219 713 2271 in
726 2238 767 2270 ore
775 2220 793 2286 3)

137 2293 184 2345 t‘or
194 2297 286 2344 utrum
297 2290 424 2359 populum
436 2290 563 2342 frumenti
576 2289 650 2357 copia
662 2295 759 2356 pascat,

137 2310 258 2414 licetosne
268 2359 362 2412 bibant
373 2359 469 2411 imbres
481 2366 607 2427 puteosne
619 2375 744 2425 perennes

137 2434 178 2502 gis
189 2447 266 2500 aquas
278 2448 286 2494 ;
305 2430 382 2497 (nam
394 2428 457 2479 vina
469 2427 538 2479 nihil
551 2444 637 2479 moror
648 2425 721 2476 illius
733 2440 793 2476 orae.

137 2519 170 2554 ue
180 2517 239 2554 meo
250 2515 357 2568 possum
369 2497 474 2565 quidvis
486 2496 600 2565 perferre
612 2494 737 2563 patique;

137 2615 140 2624 .
150 2588 224 2624 mare
235 2585 319 2637 quum
331 2568 399 2633 veni,
411 2583 565 2634 generosum
578 2571 604 2616 et
614 2564 672 2616 lene
684 2561 794 2630 requiro,

137 2641 174 2694 ,od
186 2657 262 2692 eruas
273 2638 371 2704 abigat,
383 2636 453 2704 quod
465 2652 525 2687 cum
538 2652 583 2702 spe
595 2633 678 2685 divite
689 2637 779 2683 manet

143 2725 223 2760 renas
232 2708 405 2773 animumque
415 2722 514 2772 meum,
527 2702 598 2774 quod
609 2701 690 2757 rerba
699 2700 841 2753 ministret.
852 2701 886 2752 20

137 2774 163 2822 »d
169 2789 217 2824 me
226 2774 346 2826 Lucanae
356 2775 488 2839 juvenem
501 2775 678 2831 commemor
688 2771 815 2842 armen-,5
