2159 3309
867 183 974 237 140
1503 189 1811 241 HORATII

867 296 950 348 he
972 314 1216 365 sequerer
1236 297 1480 362 moechas,
1505 314 1747 348 concessa
1772 315 1936 365 quum

868 365 1114 418 Possem:
1149 367 1182 391 “
1199 365 1455 433 Deprensi
1479 381 1584 414 non
1610 364 1746 417 bena
1768 375 1848 418 est
1871 369 1941 419 fax

869 438 1077 490 Aiebat.
1149 438 1382 507 Sapiens,
1408 440 1583 489 vitatu
1608 438 1839 505 quidque
1863 452 1941 504 pe}

868 506 953 558 Sit
975 507 1181 573 melius,
1205 526 1389 560 causus
1412 507 1596 559 reddet
1620 507 1746 558 tibi:
1782 507 1858 556 mi
1884 524 1940 557 sa

868 573 1148 628 Traditum
1171 577 1238 628 ab
1261 577 1494 644 antiquis
1517 593 1713 627 morem
1739 593 1941 626 servare

867 644 1013 696 Dum
1036 646 1268 697 custodis
1291 663 1426 713 eges,
1451 646 1617 697 vitam
1641 646 1941 712 famamque

868 712 1196 765 Inoolumem
1219 732 1460 782 possum3
1495 714 1651 766 simul
1675 732 1737 766 ac
1762 714 1941 765 dux-av«

867 779 1109 834 Membra
1131 783 1473 851 animumque
1496 790 1664 849 tuum,
1681 782 1832 834 nabis
1857 784 1937 833 sin

867 848 1155 902 Formabtt
1176 868 1404 920 puerum
1428 852 1599 919 dictis,
1624 859 1679 904 et
1703 853 1811 905 sive
1827 851 1941 919 jub(

867 919 945 973 Ut
966 920 1192 972 facerem
1215 920 1361 988 quid,
1385 922 1414 949 “
1429 922 1606 973 Habes
1629 929 1906 984 auctorem,
1931 940 1941 969 α

869 988 1053 1041 Unum
1075 1006 1144 1041 ex
1160 988 1432 1058 judicibus
1456 989 1659 1041 selectis
1683 989 1941 1056 objicieba*

869 1058 992 1110 Sive
1013 1057 1243 1122 vetabat,
1270 1060 1300 1085 “
1314 1059 1400 1109 An
1423 1058 1522 1110 hoc
1546 1058 1881 1111 inhonestum
1905 1076 1941 1109 e'

870 1126 923 1179 N
923 1144 1049 1179 eene
1072 1128 1157 1193 sit,
1180 1126 1474 1192 addubites,
1497 1128 1685 1195 flagret
1708 1144 1913 1179 rumore
1937 1145 1941 1176 τ

874 1194 981 1247 Hic
1004 1201 1166 1264 atque
1188 1195 1279 1248 ille
1298 1195 1361 1248 Y’
1408 1196 1604 1249 Avidos
1628 1197 1862 1248 vicinum
1887 1196 1941 1246 fu

867 1261 1158 1316 Exanimat
1179 1263 1464 1331 mortisque
1487 1270 1636 1315 metu
1660 1263 1758 1315 sibi
1878 1280 1941 1314 ce·

868 1330 956 1384 Sic
979 1337 1186 1385 teneros
1209 1332 1411 1384 animos
1434 1332 1608 1383 aliena
1631 1349 1792 1400 oppro
1828 1332 1907 1383 ria.
1932 1349 1941 1381 z

867 1400 1180 1454 Absterrent
1202 1401 1360 1453 vitiis.
1430 1400 1514 1452 Ex
1538 1401 1636 1452 hoc
1659 1418 1755 1467 ego
1780 1418 1936 1452 sanus

868 1466 1163 1522 Perniciem
1186 1486 1513 1537 quaecunque
1536 1470 1731 1536 ferunt,
1754 1470 1941 1521 medio‹

870 1536 1131 1605 Ignoscas,
1157 1539 1300 1590 vitiis
1325 1543 1532 1601 teneor;
1566 1539 1802 1590 fortassis
1827 1546 1881 1590 et
1904 1539 1941 1589 is

869 1605 1111 1675 Isargiter
1134 1605 1411 1659 abstulerit
1434 1606 1593 1674 longa
1616 1614 1757 1670 aetas,
1780 1607 1911 1659 liber
1935 1626 1941 1659 ι

874 1674 1159 1727 Consilium
1174 1675 1442 1744 proprium
1456 1694 1470 1738 ;
1494 1693 1662 1743 neque
1678 1677 1830 1739 enim,
1844 1693 1941 1794 Ἠιέ,

874 1742 1116 1796 Porticus
1140 1743 1362 1809 excepit,
1387 1742 1570 1793 desum
1592 1744 1741 1796 mihi.
1812 1745 1841 1771 “
1938 1770 1941 1785 ·

874 1812 994 1865 Hoc
1018 1811 1215 1864 faciens
1230 1812 1407 1862 vivam
1432 1810 1664 1863 melius.”
1736 1814 1766 1840 “
1781 1812 1866 1863 Sic
1892 1813 1941 1863 ἀι

877 1879 1204 1933 Occurram.’'
1252 1880 1281 1905 “
1294 1879 1409 1931 Hoc
1428 1880 1644 1946 quidam
1661 1897 1768 1932 non
1786 1880 1919 1931 belle
1935 1899 1941 1941 3

877 1947 1196 2017 Imprudens
1220 1946 1347 1999 olim
1369 1947 1560 1999 faciam
1583 1948 1751 2001 simile
1773 1948 1833 2001 'P’
1884 1949 1937 2000 H

873 2013 996 2067 Com
1033 2018 1185 2070 ressis
1208 2018 1356 2085 agito
1378 2017 1567 2080 labris;
1602 2018 1694 2068 ubi
1720 2018 1845 2084 quid
1871 2018 1937 2069 da

870 2083 976 2136 Illu
1015 2102 1045 2137 o
1069 2086 1279 2140 chartis.
1352 2088 1469 2144 Hoc
1493 2092 1573 2139 est
1595 2086 1939 2138 mediocribus

869 2150 954 2204 Ex
979 2153 1124 2207 vitiis
1150 2173 1346 2221 unum3
1383 2156 1470 2208 cui
1495 2156 1538 2208 si
1563 2156 1840 2207 concedere
1865 2156 1941 2207 nof

869 2218 1046 2274 Multa.
1068 2228 1346 2291 poctarum
1371 2226 1547 2278 veniet
1569 2242 1770 2289 manus,
1797 2226 1941 2276 auxil

869 2288 952 2342 Sit
974 2290 1106 2342 mihi
1120 2310 1134 2355 3
1170 2309 1294 2345 nam
1316 2295 1486 2346 multo
1511 2294 1684 2362 plures
1709 2311 1886 2345 sumus
1912 2313 1941 2346 a

869 2357 909 2412 J
913 2359 1050 2411 udoei
1074 2377 1317 2428 cogemus
1339 2363 1397 2414 in
1420 2362 1558 2414 hanc
1583 2364 1861 2414 concedere
1887 2370 1941 2414 tu

1481 2474 1738 2529 SATIRA
1773 2476 1836 2529 V.

869 2562 1167 2619 Eonnssuu
1191 2584 1386 2634 magna.
1408 2584 1492 2619 me
1517 2569 1724 2636 excepit
1750 2569 1925 2621 Aricia

866 2634 1115 2705 Hospitio
1137 2636 1370 2703 modico;
1405 2637 1582 2690 rhetor
1607 2654 1780 2690 comes
1801 2639 1941 2689 Rek‘u

846 2704 1155 2765 omentum
1181 2710 1345 2784 longe
1370 2709 1748 2773 doctissimus3
1778 2707 1911 2759 'inde
1927 2707 1941 2721 “
