2159 3309
211 305 262 358 100
531 296 684 346 ilOltA'l'll
993 241 1002 304 l

210 410 352 463 Praesentes
365 410 462 472 Austri,
470 410 574 477 coquite
582 410 675 461 horum
684 404 798 464 obsonia.
832 406 965 478 Quamquam
996 455 1001 488 4

209 479 289 531 Putet
302 498 364 548 aper
376 479 548 546 rhombusque
560 497 655 543 recens,
668 479 738 532 mala
751 481 826 549 copia
838 480 929 548 quaudo
995 493 1002 552 q

208 549 319 616 AEgrum
332 549 455 600 sollicitat
468 549 639 615 stomachum,
651 566 734 615 quum
745 550 840 618 rapula
851 550 931 618 plenus
995 561 1002 612 'f

208 621 296 686 Atque
308 619 395 670 acidas
407 618 510 669 mavult
522 618 615 669 inulas.
650 617 771 669 Necdum
782 618 866 670 omnis
877 618 952 671 abacti

209 686 349 754 Pauperics
362 687 445 754 epulis
458 703 565 753 regum;
583 703 645 737 nam
657 686 753 738 vilibus
765 688 822 739 ovis

208 756 349 822 Nigrisque
362 764 401 806 est
413 755 475 806 oleis
488 755 565 806 hodie
577 755 654 807 locus.
691 755 772 807 Haud
784 755 824 808 ita
835 755 928 825 pridem

210 825 314 876 (lulloni
328 824 452 892 pnuconis
465 833 521 875 erat
532 825 681 892 acipensere
692 841 784 877 mensu

209 894 326 945 Infamia
353 893 441 953 Quidl
460 900 523 944 tunc
532 891 652 944 rhombos
661 893 749 944 minus
762 911 867 962 oequora
873 887 970 947 aluberti

209 963 292 1013 'lutus
305 970 361 1013 erat
373 962 496 1013 rhombus
508 969 619 1029 tutoque
632 961 731 1014 ciconia
743 962 813 1027 nido,

208 1030 297 1082 Donec
310 1049 354 1082 vos
366 1039 457 1082 auctor
468 1031 560 1082 docuit
572 1031 714 1099 praetorius.
750 1031 821 1098 Ergo
949 1027 972 1080 u

208 1099 236 1151 Si
249 1101 307 1168 quis
319 1118 390 1151 nunc
402 1118 503 1166 mergos
516 1116 609 1151 suaves
620 1099 733 1151 edixerit
744 1116 822 1167 assos,

209 1168 315 1220 Parebit
327 1170 402 1237 pravi
414 1169 505 1220 docilis
518 1169 636 1220 Romana
644 1170 779 1235 juventus.

209 1237 334 1289 Sordidus
346 1256 363 1290 a
374 1239 450 1290 tenui
462 1238 534 1290 victu
547 1237 664 1303 distabit,
677 1236 762 1289 Ofella

209 1308 228 1358 J
231 1307 320 1370 udice3
338 1324 400 1359 nam
412 1308 510 1358 frustra
522 1306 618 1358 vitium
630 1306 752 1358 vitaveris
764 1304 839 1374 illud,

208 1375 235 1427 Si
248 1385 275 1428 te
287 1376 339 1428 alio
351 1393 462 1444 pravum
473 1375 617 1427 detorseris
652 1374 805 1442 Avidienus,

206 1449 255 1502 Cui
270 1447 352 1500 Oanis
363 1464 396 1498 ex
409 1463 469 1498 vero
481 1446 583 1497 dictum
595 1462 739 1513 cognomen
751 1444 876 1511 adheret,

209 1515 397 1581 Quinquennes
409 1513 478 1564 oleas
490 1521 529 1564 est
542 1519 569 1564 et
581 1512 711 1563 silvestria
722 1529 808 1579 corna,

208 1585 246 1633 Ac
258 1583 310 1634 nisi
321 1589 455 1634 mutatum
467 1582 552 1650 parcit
564 1580 707 1632 defundere
718 1581 812 1633 vinum
823 1585 859 1649 et,

208 1651 289 1718 Cujus
301 1651 406 1703 odorem
418 1651 467 1702 olei
480 1669 513 1702 ne
531 1667 594 1702 ueas
606 1650 726 1718 perferre,
738 1649 828 1702 licebit

209 1720 260 1771 llle
271 1720 379 1789 repotia,
391 1720 493 1771 natales
505 1668 602 1770 aliosve
613 1718 715 1769 dicrum
955 1713 975 1768 Ι
998 1737 1000 1744 ·

207 1789 297 1841 Festos
310 1788 413 1841 albatus
426 1788 544 1854 celebret,
557 1805 637 1840 cornu
648 1788 705 1855 ipse
716 1786 804 1838 bilibri

208 1859 332 1910 Oaulibus
344 1858 465 1924 instillat,
478 1858 573 1910 veteris
585 1874 638 1908 non
650 1873 744 1924 porcus
755 1855 831 1910 aceti

208 1928 288 1988 Quali
301 1928 383 1994 igitur
395 1928 468 1979 victu
481 1928 583 1994 sapiens
596 1924 703 1977 uteturl
721 1924 854 1978 ethorum

207 1996 304 2048 Utrum
315 1995 481 2049 imitabitur?
499 1997 559 2048 Hac
572 2001 647 2062 urget
656 1994 798 2062 lupus,bac
808 1993 972 2062 carissimu

206 2064 325 2117 Mundus
338 2067 396 2132 erit,
409 2082 465 2133 qua
476 2082 528 2117 non
540 2064 657 2116 offendat
669 2062 801 2115 sordibus=
814 2071 894 2132 atque

207 2133 240 2185 In
253 2142 374 2187 neutram
386 2141 488 2203 partem
499 2134 588 2186 cultus
600 2134 685 2185 miser.
721 2132 773 2184 Hic
785 2150 871 2202 neque
883 2131 959 2198 servit

206 2203 301 2256 Albuti
314 2205 382 2256 senis
394 2204 521 2272 exemplo,
534 2204 598 2254 dum
610 2200 701 2253 munia
713 2201 789 2268 didit,

206 2272 297 2324 Stemus
309 2274 359 2325 erit
366 2293 373 2336 ;
392 2291 440 2325 nec
453 2274 489 2325 sic
502 2281 533 2324 ut
545 2271 657 2339 simplex
669 2270 777 2321 Naevius
790 2277 898 2324 unctam

207 2341 579 2409 Convivisproebebitaquam3
595 2339 745 2392 vitiumhoc
753 2349 976 2408 quoquemugnun·

205 2410 304 2478 Accipe
315 2427 394 2477 nunc,
407 2411 493 2462 victus
505 2410 592 2462 tenuis
602 2426 661 2477 quse
674 2416 826 2476 quantaque
839 2425 924 2462 secum
952 2403 976 2458 70

205 2479 313 2531 Afforat.
349 2479 482 2547 Imprimis
495 2480 582 2531 valcas
594 2477 672 2530 bene:
690 2494 760 2542 num,
772 2479 851 2531 variae
863 2495 902 2533 res

207 2549 244 2600 Ut
256 2555 367 2600 noceant
379 2548 486 2613 homini,
499 2548 595 2612 credas,
608 2563 706 2599 memor
718 2545 789 2598 illius
802 2565 874 2616 escae,

206 2618 271 2681 Quae
284 2617 395 2684 simplex
408 2616 470 2668 olim
483 2617 532 2668 tibi
545 2617 653 2674 sederim
670 2622 699 2667 at
711 2615 789 2666 sirnul
802 2617 866 2670 assis

205 2686 343 2739 Miscueris
355 2686 433 2750 elixa,
446 2686 523 2737 simul
537 2685 675 2752 conchylia
686 2683 780 2750 turdis,

195 2756 296 2811 Dulcia
307 2774 337 2810 se
349 2756 378 2810 in
392 2755 473 2811 bilem
485 2763 594 2812 vertent
605 2752 791 2817 stomachoque
800 2754 941 2806 tumultum

276 2845 286 2875 t
298 2851 363 2891 mh
371 2851 437 2907 „352
705 2849 714 2870 ι
729 2835 770 2886 qui
778 2847 802 2873 n.
810 2847 833 2874 u.
839 2833 935 2875 sordium
